3258 5328
756 443 798 504 25

240 631 290 689 est
322 645 417 710 qnam
449 623 581 708 penitus
614 645 725 690 omnes
764 626 947 711 tragoediae
972 626 1094 692 radices
1118 627 1310 712 evellantur,

240 745 275 804 et
304 737 333 803 si
367 736 456 822 quis,
488 738 621 803 semotis
655 737 735 820 diis,
762 746 871 804 tamen
895 762 934 804 ex
959 739 1093 805 materie
1115 762 1177 807 usu
1200 762 1313 806 conse-

241 859 330 918 crata
352 852 433 917 velit
455 872 646 936 componere
668 853 887 938 tragoediam,
910 874 974 919 non
990 854 1065 938 plus
1082 853 1201 919 efficiat
1215 874 1313 941 quam

243 967 428 1052 quicunque
455 965 578 1031 esicca
608 965 712 1032 farina
733 988 851 1051 panem
875 988 1010 1053 coquere
1034 968 1164 1033 studeat
1194 974 1252 1034 aut
1274 967 1314 1032 de

243 1079 374 1164 pulvere
398 1099 528 1143 murum
552 1084 683 1144 struere.

288 1191 497 1277 Euripidem,
534 1213 598 1277 qua
640 1199 708 1257 erat
751 1193 930 1259 calliditate
974 1193 1112 1276 eximia,
1153 1193 1213 1259 hoo
1249 1216 1314 1264 uon

243 1310 371 1391 poterat
402 1304 531 1390 fugere3
567 1304 624 1369 sed
655 1305 762 1370 laudis
791 1326 899 1370 amore
930 1306 1046 1372 ductus
1076 1305 1158 1370 mihi
1188 1306 1317 1372 videtur

244 1418 331 1483 viam
354 1415 491 1502 elegisse
513 1438 609 1502 quam
635 1417 955 1503 propterscepticam
974 1418 1139 1504 cogitandi
1155 1395 1315 1485 rationem

245 1533 365 1597 evitare
388 1530 559 1608 debuerat:
586 1541 685 1616 utque
708 1530 847 1614 patrium
873 1531 955 1598 dicit
975 1531 1200 1616 proverbium,
1225 1553 1315 1616 cym-

245 1647 318 1709 bam
347 1645 492 1730 ingresso
515 1644 738 1729 remigandum
765 1666 852 1728 esse,
876 1645 928 1710 oui
948 1646 1222 1732 Aristophaneum
1239 1646 1316 1712 sub-

220 1760 380 1845 ¹jungere
421 1758 502 1823 libet
534 1759 706 1844 adagium,
743 1758 935 1824 ebibendam
969 1751 1090 1825 faecem
1134 1781 1261 1845 quoqne
1300 1783 1317 1824 e

246 1871 383 1958 poculo,
407 1911 451 1920 -·
476 1878 649 1957 postquam
678 1871 776 1936 semel
799 1871 841 1936 ad
862 1870 1058 1956 Dionysiaca
1081 1873 1257 1938 certamina
1283 1895 1317 1938 ae

247 1987 463 2072 applicuerat,
491 1985 693 2074 ntjvinceret
718 1985 867 2051 omnibus
892 1985 996 2051 modis
1021 1987 1148 2068 nitens,
1170 1987 1316 2052 veritatis

248 2100 394 2167 studium
417 2101 603 2186 postposuit
624 2100 763 2185 gloriae,
787 2105 820 2164 et
843 2099 922 2184 ipsis
946 2099 1011 2164 illis
1034 2100 1095 2165 diis
1116 2123 1196 2186 quos
1209 2105 1318 2166 extare

248 2216 304 2279 rix
325 2221 359 2280 et
385 2236 425 2279 ne
450 2213 505 2278 vix
527 2213 657 2299 quidem
682 2212 848 2295 credebat,
873 2213 904 2277 in
930 2235 1025 2278 scena
1041 2214 1202 2298 utebatur,
1216 2234 1318 2299 quum
1383 2250 1386 2258 ,

245 2329 289 2428 iis
312 2351 418 2394 carere
442 2349 505 2393 non
528 2335 639 2412 posset
657 2326 677 2391 ¹.
728 2327 780 2392 Sic
801 2348 874 2392 vero
890 2327 1127 2413 quodammodo
1140 2326 1318 2412 deceptoris

249 2450 361 2528 partes
381 2423 524 2527 agebat,
551 2445 584 2506 ἐν
612 2439 715 2516 στήθει
743 2444 774 2528 γ’
802 2443 907 2528 ἕτερον
933 2446 989 2524 μὲν
1017 2441 1151 2512 κεύθων,
1181 2441 1266 2507 ἄλλο
1288 2439 1319 2507 δὲ

249 2553 374 2640 βάζων.
422 2553 457 2620 si
483 2553 555 2640 quis
584 2560 711 2638 autem,
737 2555 850 2620 durius
874 2555 934 2620 hoc
956 2553 1080 2618 dictum
1104 2562 1212 2637 ratus,
1238 2552 1320 2617 mihi

251 2669 401 2755 objiciat,
430 2668 526 2734 licere
557 2673 671 2753 poetae
699 2668 739 2733 ad
765 2668 946 2734 decoranda
969 2689 1028 2732 sua
1051 2667 1195 2732 carmina
1215 2666 1319 2732 fictio-

251 2781 347 2846 nibus
373 2780 424 2846 uti
448 2767 565 2867 quibus
588 2781 670 2845 nihil
696 2781 764 2846 veri
785 2781 891 2847 inesse
915 2781 1013 2864 sciat,
1036 2781 1093 2845 ille
1107 2801 1226 2866 ¹secum
1248 2801 1321 2864 per-

251 2894 389 2981 pendat,
415 2894 594 2960 aliudesse
617 2896 645 2959 si
670 2896 742 2981 quis
764 2896 931 2961 hodiernus
953 2901 1050 2979 poeta
1071 2902 1199 2959 caneret
1220 2915 1321 2979 paga-

253 3029 367 3074 norum
399 3008 534 3095 antiqua
567 3008 704 3074 numina
737 3009 815 3094 (etsi
850 3009 906 3073 vix
941 3008 1102 3073 inveniret
1133 3008 1189 3093 qni
1224 3008 1321 3072 istam

253 3121 403 3187 cramben
427 3126 587 3187 recoctam
610 3121 811 3207 probarent),
835 3120 925 3186 aliud
950 3120 1005 3185 ubi
1030 3119 1168 3185 Athenis
1182 3119 1215 3184 in
1228 3141 1324 3185 scena

254 3235 377 3320 tragica
398 3235 438 3300 de
460 3235 499 3300 iis
522 3255 627 3300 sermo
641 3242 699 3300 est.
736 3234 913 3300 Ibidediis
926 3233 1251 3319 autserioagendum
1267 3240 1324 3298 aut

253 3337 425 3414 tacendum
450 3354 535 3413 erat:
561 3369 650 3413 mero
672 3347 803 3413 ornatui
826 3368 890 3412 non
913 3346 1019 3412 multo
1040 3345 1150 3432 aptius
1171 3346 1324 3412 inservire
1350 3375 1377 3408 ,-

254 3468 405 3546 poterant
427 3482 524 3547 quam
545 3461 750 3548 evangelicae
766 3460 921 3527 historiae
946 3462 981 3526 in
992 3460 1148 3526 hodierno
1158 3464 1323 3545 poemate3

255 3595 358 3659 neque
386 3572 531 3658 profecto
556 3573 625 3658 ipse
648 3572 822 3659 Euripides
844 3573 891 3638 ita
917 3593 1060 3658 unquam
1082 3592 1212 3637 causam
1237 3591 1325 3636 oras-

256 3695 321 3752 set:
348 3685 376 3752 si
400 3685 598 3752 ostendisset
620 3686 720 3751 talem
748 3685 810 3750 sibi
824 3707 895 3751 esse
908 3685 1125 3768 sententiam,
1140 3684 1325 3770 lapidibus,

255 3807 353 3886 puto,
395 3808 481 3866 esset
512 3801 635 3885 petitus
672 3821 691 3864 a
729 3798 853 3866 civibus
885 3798 1162 3881 Atheniensibus,
1193 3797 1326 3883 pietatis

257 3914 382 3980 scilicet
404 3913 626 3979 sectatoribus.
662 3913 775 3998 Neque
799 3912 941 3978 multum
965 3911 1096 3997 prodest
1114 3911 1229 3976 'dicere
1253 3933 1327 3976 cum

259 4026 441 4112 Schlegelio
456 4034 486 4109 ²,
520 4027 554 4090 in
587 4025 741 4112 Euripide
774 4025 913 4092 discerni
938 4047 1033 4110 posse
1054 4024 1134 4090 duas
1156 4046 1326 4109 personas,

291 4239 300 4271 ¹
334 4241 396 4290 “Er
410 4247 493 4290 nuato
513 4240 552 4288 die
570 4239 624 4288 todt
641 4239 789 4301 gcwordene
806 4239 891 4288 Manae
909 4235 973 4287 bloss
990 4237 1026 4285 als
1048 4235 1122 4285 einen
1140 4235 1206 4286 Sroff
1219 4236 1264 4284 der
1281 4235 1329 4284 Re·

258 4330 379 4388 flexion,''
404 4330 497 4380 chh.
523 4330 550 4378 ll.
574 4343 631 4393 pag.
658 4330 712 4380 169.
734 4355 766 4364 —
789 4330 855 4379 “Die
880 4327 1046 4391 Mychon...
1077 4340 1160 4376 waren
1185 4325 1330 4375 inhultlecre
1406 4322 1411 4336 ’

259 4421 348 4485 Typeu
366 4420 528 4485 geworden‚''
547 4435 596 4484 pag
621 4421 655 4470 43
670 4434 753 4483 supra.

292 4509 303 4542 ¹
336 4510 580 4560 Verltiberdram.
599 4505 978 4570 Kunstu.Lit.1²,1ug.210
1005 4533 1036 4542 -
1051 4504 1331 4570 ApndGoetbinmsed
