3258 5328
864 461 904 520 34

467 689 480 770 i
508 693 536 752 4.
585 689 650 754 Cur
673 687 865 774 trepoedies,
886 709 1004 773 ροτννι
1027 691 1165 773 tropicos
1189 697 1306 770 tomen,

693 805 856 888 scripserit
889 800 1073 886 Euripides.

397 976 432 1042 si
475 997 540 1041 non
574 975 671 1062 plane
705 975 974 1062 improbabilibus
1010 977 1211 1063 argumentis
1248 977 1422 1060 contendi,

351 1091 560 1178 Euripidem,
596 1091 729 1156 deorum
764 1091 949 1188 Atticorum
976 1096 1230 1174 contemtorem,
1254 1097 1425 1178 propterea

352 1206 394 1271 ad
429 1204 587 1290 tragicam
610 1203 723 1288 poesin
746 1204 855 1269 minus
878 1211 992 1291 aptum
1015 1203 1136 1288 fuisse,
1163 1204 1245 1270 forte
1272 1203 1345 1290 quis
1372 1224 1423 1268 ro-

350 1322 407 1404 get
440 1339 497 1382 cur
540 1315 642 1402 igitur
681 1314 855 1403 Euripides
894 1317 1123 1403 Melpomenen
1157 1315 1325 1382 colendam
1361 1313 1424 1380 sibi

351 1429 506 1516 elegerit?
552 1428 663 1513 Digna
686 1448 763 1492 sene
787 1427 866 1494 haec
888 1428 1035 1514 quaestio
1059 1428 1099 1493 de
1123 1449 1188 1514 qua
1204 1428 1425 1512 adhuepauce

351 1543 506 1608 dieamus.
554 1539 658 1604 Fuere
690 1540 746 1625 qui
776 1545 931 1624 putarent
946 1541 973 1626 ¹,
1006 1540 1218 1627 Euripidem,
1247 1540 1306 1604 “in
1329 1560 1425 1605 scena

351 1653 622 1742 philosophum,'’
666 1651 739 1717 ideo
782 1653 928 1718 induisse
967 1654 1141 1720 cothurnos
1174 1659 1212 1720 ut
1243 1653 1424 1719 doctrinam

351 1766 566 1856 praeceptoris
597 1767 808 1852 Anaxagorae
840 1789 857 1831 e
891 1787 986 1833 scena
1016 1767 1139 1852 tragica
1167 1773 1278 1853 posset
1300 1766 1425 1832 civibus

351 1879 592 1962 commendere,
625 1879 745 1966 majore
779 1880 937 1946 auditorio
969 1885 1003 1946 et
1034 1879 1159 1945 minore
1191 1901 1249 1946 suo
1280 1879 1425 1965 periculo

351 2016 449 2082 quam
484 1994 512 2058 si
541 1992 582 2057 de
611 1991 653 2057 iis
687 1991 779 2057 rebus
814 1991 849 2056 in
881 1991 1001 2058 scholis
1036 1990 1272 2077 philosophicis
1305 1999 1424 2077 ageret.

353 2108 442 2173 Haec
476 2125 551 2170 vero
583 2103 703 2170 fabella
737 2117 804 2168 tam
828 2104 947 2188 inepte.
963 2109 1013 2168 est
1036 2108 1074 2168 ut
1096 2101 1152 2167 vix
1176 2124 1372 2189 quemquam
1397 2103 1427 2169 ei

351 2219 450 2285 fidem
483 2216 671 2283 habiturum
701 2237 772 2281 esse
799 2236 957 2280 censeam.
980 2274 983 2280 .
1006 2215 1078 2301 Ego
1108 2214 1218 2299 potius
1242 2216 1289 2282 sio
1311 2215 1423 2282 habeo.

397 2329 549 2415 Euripidi
583 2351 648 2394 non
681 2329 802 2422 inerat
819 2328 868 2393 vis
902 2327 1014 2392 divina
1052 2328 1176 2412 poesis,
1213 2349 1279 2393 non
1311 2327 1427 2414 igneus

353 2443 409 2508 ille
432 2443 527 2508 ardor
550 2443 606 2528 qni
628 2442 664 2507 in
687 2462 771 2507 nova
793 2441 911 2507 itinera
932 2441 1072 2527 proripit
1085 2445 1194 2507 vatem
1215 2442 1292 2528 quia
1306 2448 1427 2508 stratae

353 2557 424 2622 viae
447 2555 477 2620 ei
501 2575 567 2621 non
589 2553 756 2621 sufficiunt
772 2562 797 2638 ²,
822 2554 879 2619 sed
894 2554 1121 2620 tantummodo
1140 2554 1310 2639 ingenium
1332 2555 1428 2621 velox

353 2677 387 2737 et
409 2665 550 2736 acutum.
585 2669 769 2756 Sapientiae
791 2670 973 2754 studiosus,
990 2669 1425 2756 operamdederatutvitam

353 2805 522 2870 moresque
551 2782 719 2848 hominum
752 2789 955 2867 pernosceret
969 2790 999 2865 ³,
1031 2784 1117 2869 quod
1148 2783 1178 2850 ei
1207 2784 1289 2851 bene
1311 2786 1425 2853 cessit:

355 2899 395 2963 ad
427 2918 465 2962 ea
493 2896 596 2984 igitur
618 2895 654 2960 in
679 2917 776 2962 scena
800 2896 1071 2981 repraesentanda
1093 2896 1318 2982 paratissimus
1341 2907 1426 2984 erat,

354 3033 413 3078 nec
434 3012 570 3094 mirum,
595 3032 612 3076 e
633 3010 723 3097 poesi
746 3009 876 3076 laudem
897 3008 960 3076 sibi
981 3015 1204 3096 quaerentem,
1229 3011 1264 3076 in
1282 3012 1427 3079 mamete

355 3146 429 3190 eum
463 3123 550 3190 vitae
582 3125 760 3190 tentorium
791 3123 947 3210 posuisse.
995 3123 1098 3190 Vetus
1129 3131 1239 3190 autem
1262 3126 1428 3192 comoedia

354 3236 593 3322 Aristophanes
614 3237 711 3323 plane
734 3236 774 3302 ab
795 3235 864 3321 ejus
887 3235 997 3301 indole
1012 3235 1210 3303 abhorrebat
1248 3237 1340 3303 Nihil
1365 3239 1427 3325 igi-

356 3357 408 3413 tur
438 3350 581 3416 restabat
610 3357 736 3435 praeter
759 3348 974 3434 tragoediam,
998 3348 1026 3414 si
1050 3349 1166 3414 saitem
1189 3372 1230 3415 ex
1252 3351 1427 3436 generibus

355 3481 417 3526 usu
447 3461 582 3547 receptis
611 3484 713 3527 unum
748 3466 816 3526 erat
842 3461 1036 3550 eligendum.
1086 3462 1149 3528 Sed
1178 3462 1207 3529 si
1230 3485 1322 3530 verus
1345 3464 1428 3530 fuis-

356 3579 406 3639 set
438 3579 549 3662 poeta,
584 3595 648 3639 non
681 3573 828 3640 doctrina
861 3579 894 3638 et
925 3573 1030 3639 multa
1055 3575 1284 3641 exercitatione
1309 3576 1427 3660 factus,

388 3785 396 3816 ¹
430 3785 481 3836 vd.
492 3784 592 3836 suidas:
608 3785 649 3835 ἐπὶ
662 3784 804 3851 τραγῳδίαν
820 3785 845 3835 δὲ
858 3785 964 3850 ἐτράπη,
974 3787 1020 3835 τὸν
1029 3784 1200 3851 Ἀναξαγόραν
1209 3786 1268 3837 ἰδὼν
1277 3787 1427 3838 ὑποστάντα

353 3876 485 3934 κινδύνους
502 3873 531 3924 di’
547 3876 613 3940 άπερ
630 3875 707 3936 εἰςῆξε
724 3874 846 3941 δόγματα.

384 3964 395 3995 ²
429 3965 465 4014 Ut
481 3966 511 4013 de
527 3965 631 4013 deorum
647 3964 716 4028 equis
732 3964 839 4028 legimus
857 3965 963 4028 (Hymn.
979 3965 1066 4016 Corer.
1084 3981 1120 4014 vs.
1137 3968 1182 4016 381
1203 3965 1278 4029 sqq.):

433 4041 434 4046 ¹
903 4041 918 4080 ι
948 4053 1003 4103 οὐδὲ
1020 4055 1139 4105 θάλασσα

550 4140 602 4189 οὗθ’
618 4139 683 4206 ὕδωρ
702 4145 824 4206 ποταμῶν
841 4140 892 4190 οὔτ’
910 4142 986 4207 ἄγκεα
1004 4143 1126 4203 ποιήεντα
1161 4159 1163 4164 ·

513 4255 518 4260 =
547 4229 636 4279 ἵππων
652 4229 798 4291 ἀθανάτων,
817 4228 868 4278 οὔτ’
886 4230 975 4294 ἄκριες,
993 4231 1099 4294 ἔσχεθον
1115 4231 1203 4297 ὁρμὴν,

547 4317 605 4367 ἀλλ’
623 4319 685 4383 ὑπὲρ
703 4319 806 4369 αὐτάων
822 4318 908 4381 βαθὺν
925 4318 987 4383 ἠέρα
1004 4318 1097 4384 τάμνον
1113 4320 1203 4379 ἰόντες,

386 4406 397 4438 ³
431 4407 513 4470 Magis
538 4416 621 4457 tamen
646 4423 680 4457 ex
705 4409 866 4459 meditatione
891 4416 916 4458 et
938 4423 971 4458 ex
993 4409 1061 4458 libris
1083 4426 1157 4473 quem
1174 4413 1331 4474 exipsorum
1348 4412 1426 4460 homi-

353 4513 412 4546 num
429 4497 612 4558 consuetudine,
630 4497 695 4549 conf.
712 4499 777 4548 intra
793 4513 851 4563 pag.
867 4499 900 4548 62
916 4513 952 4561 sq.
