3258 5328
786 445 805 505 9

260 625 435 708 sentiebat,
461 625 517 690 sed
540 625 592 691 hic
616 647 743 713 quoque
766 627 938 693 resistebat
953 628 1104 694 omnibus
1121 628 1333 713 novitatibus,

259 742 297 802 ut
320 737 461 822 patrium
485 739 610 804 cultum
634 739 766 806 deorum
790 741 956 828 integrum
980 748 1128 808 servaret.

304 849 339 916 si
373 851 445 936 quis
481 857 589 917 autern
625 852 686 918 hac
717 853 751 917 in
783 877 817 919 re
849 855 1103 940 Aristophanem
1131 877 1247 940 parum
1271 856 1334 922 sihi

260 964 446 1030 const'tisse
475 971 620 1048 censeat,
656 988 756 1052 quum
790 989 831 1033 ex
860 967 963 1053 ipsius
996 968 1124 1054 scriptis
1149 969 1332 1056 collegerit,

261 1083 329 1142 tam
353 1077 466 1143 leviter
489 1100 562 1144 eum
587 1079 626 1145 de
649 1080 712 1145 diis
737 1081 896 1166 cogitasse
920 1086 958 1146 ut
988 1080 1043 1145 vix
1057 1081 1262 1168 intelligatur
1278 1105 1334 1148 eur

261 1210 375 1275 operae
408 1190 548 1275 pretium
585 1191 735 1257 habuerit
763 1214 821 1278 pro
844 1193 885 1258 iis
910 1193 944 1257 in
969 1215 1100 1258 arenam
1123 1194 1333 1278 descendere,

261 1304 320 1369 hoc
343 1303 439 1368 velim
465 1325 573 1369 secum
596 1312 739 1390 reputet:
770 1305 896 1371 cultum
919 1307 1051 1373 deorum
1075 1308 1161 1393 apud
1182 1309 1333 1394 antiquos

261 1417 397 1502 populos
427 1422 553 1503 partem
585 1417 687 1484 fuisse
713 1419 929 1504 reipublicae,
962 1421 1009 1486 ita
1031 1405 1069 1486 ut
1091 1421 1275 1509 quicunqne
1299 1422 1334 1487 in

261 1530 392 1597 civitate
424 1531 571 1616 regunda
607 1531 706 1597 vellet
739 1533 872 1620 antiqua
911 1534 1012 1617 tueri,
1051 1535 1234 1601 necessario
1268 1535 1335 1602 fere

260 1643 295 1707 in
319 1645 475 1730 religione
498 1650 583 1709 esset
607 1644 824 1724 orthodoxus3
850 1668 953 1732 neque
976 1647 1250 1733 Aristophanem,
1275 1671 1334 1736 pro

262 1758 387 1844 ingenii
419 1758 586 1842 acumine,
619 1759 729 1844 potuit
753 1757 879 1844 latere,
914 1759 1151 1828 mutationibus
1180 1762 1215 1827 in
1238 1764 1333 1829 rebus

262 1872 360 1937 sacris
391 1872 495 1957 ipsam
529 1872 640 1957 tangi,
673 1881 705 1936 et
738 1894 833 1957 saepe
857 1873 996 1956 concuti,
1022 1873 1209 1960 civitatem,
1234 1898 1335 1963 quum

262 1991 374 2050 eontra
404 1984 555 2069 religiose
579 1992 724 2049 servatus
749 1985 857 2049 cultus
882 1986 1034 2069 deorum,
1059 1987 1165 2073 qualis
1189 2011 1209 2054 a
1230 1990 1334 2074 patri·
1360 2043 1362 2048 ,

261 2098 323 2164 hus
358 2098 402 2164 sit
436 2097 596 2181 traditus,
630 2098 829 2181 permultum
865 2096 1009 2163 conferat
1042 2099 1083 2164 ad
1115 2100 1335 2168 confirmanda

262 2217 387 2276 caetera
410 2231 537 2296 quoque
560 2208 719 2294 majorum
744 2210 906 2276 instituta.
1010 2279 1012 2283 ,
1223 2279 1227 2288 ,

307 2324 477 2390 Novitates
510 2323 611 2410 igitur
643 2323 880 2409 Aristophanes
912 2325 1155 2411 maleexosus,
1180 2327 1334 2415 asophi-

263 2445 387 2505 starum
406 2438 561 2504 doctrinis
585 2438 785 2504 abhorrebat.
826 2438 999 2524 Euripides
1013 2463 1100 2525 vero,
1113 2441 1168 2528 qui
1182 2447 1335 2528 utrasque

263 2552 457 2638 sequebatur
489 2557 522 2615 et
544 2550 766 2636 profitebatur,
790 2550 859 2636 ejus
879 2551 1003 2636 judicio
1027 2552 1162 2637 signifer
1185 2562 1254 2620 erat
1276 2554 1334 2622 ho-

263 2666 390 2730 rninunr
413 2685 498 2730 nova
520 2663 726 2729 molientium
750 2673 783 2728 et
799 2664 938 2749 patriam
953 2665 1042 2731 brevi
1055 2667 1293 2751 perditurorum
1309 2671 1330 2734 ¹.

265 2775 362 2843 Hunc
394 2776 495 2862 igitur
517 2775 727 2861 promachum
751 2782 788 2841 ut
811 2777 1007 2861 opprimeret
1030 2777 1182 2844 omnibus
1210 2779 1334 2846 viribus

263 2891 355 2957 nisus
379 2895 445 2973 est,
468 2888 558 2954 etin
582 2910 618 2953 eo
641 2889 829 2954 lacessendo
853 2889 947 2954 valde
969 2889 1035 2955 fuit
1049 2890 1207 2976 pertinax.
1256 2894 1335 2960 dam

264 3004 414 3092 inprims
425 3001 512 3066 enim
524 2999 762 3065 comoediarum
772 3023 854 3086 quae
866 3001 907 3066 ad
919 3006 1221 3086 nospervenerunt¹
1237 3005 1335 3071 Euri-

263 3120 372 3206 pidem
397 3121 487 3182 tenet
508 3120 689 3198 arreptum,
718 3136 821 3201 neque
842 3135 900 3199 per
923 3115 1042 3200 viginti
1064 3138 1167 3182 annos
1191 3139 1334 3204 unquam

264 3235 400 3298 missum
424 3227 517 3306 fecit3
543 3227 622 3313 quin
647 3226 754 3292 “iram
777 3226 869 3292 illam
884 3228 1097 3314 capitalem,'’
1114 3230 1165 3294 vel
1181 3232 1335 3297 acriorem

264 3369 361 3433 quam
385 3365 467 3431 quae
490 3340 555 3407 fuit
578 3340 663 3405 inter
687 3339 874 3405 Priamiden
891 3346 924 3406 et
938 3341 1119 3427 Achillem,
1137 3366 1178 3410 ne
1195 3345 1336 3412 “ultima

264 3459 397 3547 quidem
430 3479 516 3522 mors
551 3456 701 3532 divisit;'’
733 3476 901 3541 nunquam
938 3457 1025 3521 eninr
1062 3457 1199 3526 ferocius
1239 3461 1334 3526 velli-

264 3574 351 3639 cavit
383 3572 541 3658 tragicum
577 3591 675 3656 quam
705 3590 815 3634 recens
848 3575 1014 3635 mortuum
1038 3570 1072 3634 in
1096 3572 1254 3656 palmaria
1277 3573 1335 3640 illa

266 3688 430 3751 Ranarum
470 3683 643 3750 comoedia.
693 3682 841 3765 Scilicet,
885 3705 985 3768 quum
1014 3683 1094 3750 alios
1118 3687 1333 3773 adversarios,

299 3978 303 4002 ¹
323 3975 360 4024 Ut
378 3981 432 4021 nter
449 3972 530 4021 verbis
549 3969 706 4028 Mommseni,
723 3970 931 4034 sesquipedalibus
949 3974 991 4020 sed
1008 3980 1089 4022 tumen
1109 3988 1162 4023 rem
1180 3975 1242 4024 bene
1254 3978 1335 4040 expri-

263 4064 398 4114 mentibus:
435 4062 581 4125 aeEuripides
606 4063 637 4110 ist
661 4062 705 4110 der
731 4068 796 4108 erste
822 4063 871 4109 und
897 4061 994 4112 oberste
1015 4063 1122 4126 Apostel
1139 4064 1183 4113 der
1196 4043 1279 4114 ¹neuen
1296 4068 1335 4118 die

266 4157 329 4206 »alre
352 4154 454 4203 attische
471 4151 726 4202 Volksrhumliehkcit
743 4150 901 4199 euflhsenden
918 4151 1151 4214 kosmopolitischen
1166 4155 1336 4206 Humaninit.''

264 4247 347 4307 (nom.
363 4243 452 4295 Gesch.
470 4243 480 4274 ⁶
497 4245 519 4303 1,
535 4258 592 4307 pag.
609 4243 679 4303 909.)
852 4230 856 4237 ’

297 4335 306 4366 ²
324 4333 536 4384 Acharncnsibus.
569 4332 653 4382 Etiam
678 4331 704 4378 in
721 4332 852 4393 Proegone
869 4329 1020 4400 Euripidem,
1032 4331 1137 4394 carpsit;
1154 4334 1194 4382 vd.
1211 4335 1287 4386 schol.
1305 4338 1336 4386 ed

264 4428 342 4489 Vesp.
360 4427 399 4476 61.
434 4424 587 4488 Autolycum
606 4423 644 4485 (t),
661 4420 803 4471 Erechthea
811 4421 849 4484 (l),
862 4420 1005 4484 Polyidum,
1015 4421 1160 4471 Phoenissae
1169 4427 1200 4473 ad
1209 4427 1337 4490 Euripidis

264 4515 423 4577 cognomines
440 4513 532 4562 fabulas
550 4512 696 4562 deridendos
712 4509 838 4573 scripsisse
857 4509 950 4559 videtur
968 4509 1157 4573 Aristophanes.
