3258 5328
823 428 902 490 48·

445 661 459 746 ξ
487 666 516 729 3.
565 661 617 728 De
637 666 765 730 crimine
788 667 973 728 inuentionis
995 664 1089 729 nimis
1109 661 1251 729 callidae.

353 812 502 909 hiterius
535 841 623 925 vitii,
651 845 745 908 nimia
773 839 907 907 callidae
939 844 1142 924 inventionis,
1170 837 1319 924 exempla
1342 861 1381 902 ex

312 954 468 1042 Euripide
490 953 602 1021 afferre
625 975 689 1018 non
712 951 847 1018 difficile
869 957 927 1018 est.
955 951 1029 1018 Huc
1048 953 1190 1038 pertinet
1208 973 1261 1017 me
1272 950 1382 1037 judice

312 1070 394 1136 illud
413 1069 558 1135 Helenae
582 1063 715 1134 εἴδωλον
737 1065 1106 1132 ecaetiereooufectum
1118 1067 1141 1150 ²,
1159 1065 1381 1152 (aliquetenus

312 1181 525 1268 Euripideum
557 1179 743 1261 inventum,
774 1177 838 1244 etsi
869 1177 1072 1244 Stesichorus
1101 1179 1226 1265 primus
1250 1177 1381 1263 excogi-

312 1295 449 1381 tavit³)‚
479 1290 565 1379 quod
588 1291 680 1356 Paris
704 1312 813 1356 secum
836 1289 1007 1356 abduxerit
1028 1289 1171 1376 Trojam,
1196 1293 1243 1358 ita
1265 1295 1304 1356 ut
1326 1312 1383 1376 per

311 1410 390 1476 bina
417 1408 522 1473 lustra
549 1405 633 1470 iuter
655 1404 769 1469 Asiam
791 1409 825 1469 et
848 1403 1013 1489 Europam
1036 1403 1228 1472 dimicatum
1251 1403 1295 1469 sit
1313 1409 1382 1489 περὶ

312 1527 401 1598 σκιᾶς
428 1542 494 1585 non
526 1521 604 1585 ὄνου
625 1517 773 1603 quidem,
799 1517 856 1582 sed
878 1516 919 1584 de
942 1516 1057 1582 umbra
1081 1522 1209 1600 tumen,
1234 1517 1382 1602 quamvis

311 1633 470 1698 formosae
502 1630 668 1714 muliera,
697 1651 798 1717 quum
827 1651 902 1695 vera
921 1629 1049 1695 Helena
1071 1629 1106 1695 in
1129 1632 1280 1716 Aegypto
1304 1629 1382 1694 lati-

312 1749 396 1812 taret
410 1750 431 1810 ³.
469 1744 590 1810 Parum
612 1744 711 1809 etiem
735 1743 868 1826 astutia,
893 1764 958 1828 qua
980 1741 1153 1828 Iphigenia
1163 1742 1295 1809 Teurico
1312 1745 1383 1828 regi

312 1857 449 1924 Thoanti
492 1862 526 1923 et
561 1856 688 1922 Helena
717 1855 881 1943 Aegyptio
914 1855 984 1942 regi
1018 1855 1252 1940 Theoolymeno
1286 1857 1383 1922 verba

312 1972 407 2054 dant,
430 1971 571 2058 tragicae
595 1992 708 2036 scenae
732 1969 902 2035 convenire
925 1968 1069 2051 videtur,
1093 1969 1214 2034 cumin
1228 1968 1383 2033 Plautino

311 2084 439 2171 pulpito
471 2084 552 2149 bene
581 2083 707 2168 placere
739 2088 850 2167 posset
865 2081 887 2144 ⁴.
936 2081 975 2145 In
998 2080 1063 2146 fine
1086 2080 1276 2167 Iphigeniae
1299 2081 1382 2145 Tou-

345 2341 353 2372 ¹
386 2340 475 2391 Helen.
493 2355 530 2389 vs.
547 2341 604 2392 690.

343 2429 355 2462 ²
386 2431 550 2495 Euripideum
574 2429 665 2496 εὕρημα
689 2445 720 2481 eo
744 2443 818 2479 sensu
843 2444 918 2489 voco,
938 2432 1004 2494 quod
1024 2430 1159 2496 Euripides
1177 2432 1242 2480 hanc
1259 2431 1383 2495 fictionem

311 2531 361 2570 tem
387 2521 546 2571 vehementer
571 2520 684 2584 probavit
708 2528 735 2569 ut
761 2535 816 2570 eam
840 2520 945 2569 dramati
970 2520 1135 2574 substraverit
1159 2520 1313 2584 materiem„
1329 2520 1383 2568 Nec

312 2611 402 2660 mirum
429 2620 478 2668 est,
502 2609 573 2658 avide
598 2623 656 2658 eum
681 2608 814 2671 arripuisse
836 2607 971 2671 imaginem
992 2609 1093 2659 aethere
1118 2624 1151 2660 ex
1174 2609 1323 2668 confectam,
1340 2609 1384 2670 qui
1457 2598 1460 2604 ’

311 2699 412 2749 aethere
435 2697 460 2747 in
484 2698 535 2747 suis
561 2697 651 2747 tabuiis
677 2706 804 2760 tantopere
829 2697 952 2760 erepuerit
974 2697 1013 2760 (ci.
1030 2713 1107 2762 supra
1127 2688 1185 2763 pag.
1204 2702 1233 2749 19
1250 2701 1306 2749 adn.
1323 2701 1339 2748 4
1356 2708 1382 2748 et

311 2791 342 2838 21
360 2790 416 2839 adn.
432 2789 472 2851 2);
488 2786 583 2837 “alleiu
599 2786 663 2836 diess
679 2787 712 2836 ist
727 2787 784 2836 eine
800 2786 865 2842 Art,
881 2787 1094 2851 die·Myth010gie
1111 2803 1142 2837 au
1159 2790 1316 2848 verbeseern,
1334 2803 1382 2839 wo-

312 2876 405 2927 “durch
426 2877 463 2926 sie
488 2876 537 2926 den
561 2875 697 2925 Mihrchen
722 2875 747 2923 in
773 2877 887 2926 Tausend
913 2881 962 2928 und
988 2880 1056 2928 einer
1080 2881 1163 2930 Nacht
1179 2881 1280 2931 iihnlich
1298 2878 1383 2930 wird'·

313 2967 439 3031 (Schiegel
455 2966 529 3017 Vorl.
546 2967 607 3015 iiber
623 2968 701 3015 drem.
718 2967 802 3015 Kuust
818 2983 843 3017 α.
861 2967 910 3019 Lit.
927 2967 969 3030 1²,
985 2985 1042 3034 pag.
1058 2972 1126 3033 262).

343 3059 354 3090 ³
386 3059 444 3108 Non
468 3057 552 3108 dubito
577 3057 636 3121 quin
658 3057 704 3106 hec
719 3055 801 3107 sabula
817 3058 925 3110 voluerit
940 3075 955 3107 e
972 3059 1035 3108 bello
1052 3060 1177 3109 dehortari
1195 3059 1340 3123 Euripides,
1357 3059 1383 3107 id

312 3161 387 3211 prope
411 3162 487 3195 unum
512 3161 569 3195 cum
594 3147 686 3196 comico
711 3148 882 3208 consentiens,
907 3149 974 3212 quod
997 3147 1088 3198 bellum
1111 3148 1256 3197 abhorreret
1272 3157 1383 3211 uterque,

312 3237 353 3286 hic
369 3245 451 3286 tamsn
468 3236 548 3300 magis
564 3235 622 3298 quia
637 3236 732 3285 civitati
748 3238 928 3301 perniciosum,
944 3237 988 3287 iile
1001 3238 1059 3301 quia
1066 3237 1235 3302 philosophiae
1245 3238 1382 3302 praeceptis

312 3327 465 3376 conuarium
480 3328 587 3374 duceret.
621 3325 735 3390 Νεφέλης
752 3325 791 3388 ἀρ’
809 3328 894 3386 ἄλλως
911 3328 1010 3392 εἴχομεν
1027 3329 1123 3386 πόνους
1140 3327 1206 3393 πέρι,
1214 3328 1275 3377 dicit
1281 3327 1383 3392 quidam

312 3433 326 3466 e
346 3414 453 3466 Menelai
474 3412 593 3462 ministris
610 3428 646 3463 vs.
664 3415 721 3466 713.
754 3416 874 3479 Inprimis
890 3431 960 3466 meae
976 3416 1112 3467 secuntiae
1129 3416 1214 3467 favent
1230 3415 1383 3466 verbechori

312 3519 348 3553 vs.
368 3503 430 3553 1166
446 3516 511 3565 sqq-r

603 3593 712 3658 ἄφρονες
729 3591 784 3642 ὅσοι
799 3597 846 3653 τὰς
863 3595 955 3660 ἀρετὰς
973 3593 1075 3660 πολέμῳ

602 3681 693 3730 κτᾶσθε
709 3680 783 3747 ἀοράς
799 3683 905 3733 ἀλκαίου
924 3700 950 3732 τε
967 3683 1029 3749 λόγ-

601 3788 660 3834 χαις
676 3770 879 3835 καταπαυόμενοι
896 3771 944 3821 πά-

602 3860 661 3917 θους
679 3859 797 3909 θανάτων
814 3859 926 3924 ἀμαθῶς.
944 3886 976 3897 -
992 3860 1043 3909 vd.
1060 3861 1135 3910 etiam
1152 3875 1188 3910 vs.
1208 3861 1278 3911 1236.

344 3951 401 4002 Non
426 3949 614 4014 intempestive,
639 3948 741 4013 opinor,
766 3949 807 3997 hic
836 3948 939 3998 afferam
962 3949 1046 3999 locum
1070 3964 1084 4000 e
1109 3949 1224 3999 Platonis
1248 3948 1312 4013 Rep.
1327 3949 1380 4007 IX,

312 4054 369 4104 pag.
394 4040 444 4089 686
459 4038 490 4098 C,
506 4037 550 4087 ubi
567 4036 680 4088 Socrates
697 4050 763 4086 vana
778 4037 908 4087 homiuum
924 4037 1017 4098 studia,
1034 4052 1083 4088 non
1100 4052 1172 4088 verae
1188 4039 1232 4087 sed
1248 4038 1383 4101 ἐσκιαγρα-

312 4127 423 4191 φημέναις
447 4126 542 4187 ἡδονὰς
567 4126 723 4186 venantium,
748 4140 806 4174 cum
829 4124 995 4189 Troianorum
1020 4125 1125 4176 stultitia
1140 4132 1279 4190 comperet,
1295 4125 1383 4189 quibus

313 4219 342 4267 cd
363 4221 410 4276 τῆς
432 4214 535 4276 Ἑλένης
552 4216 658 4266 εἴδωλον
675 4213 850 4280 περιμάχητον
866 4213 980 4280 γενέσθαι
997 4216 1091 4280 ἀγνοίᾳ
1108 4219 1153 4264 τοῦ
1170 4215 1281 4276 ἀληθοῦς
1296 4222 1382 4264 auctor

312 4307 344 4356 sit
360 4303 523 4355 Stesichorus.
1100 4339 1108 4354 .

344 4397 354 4428 ⁴
386 4395 438 4445 Vd.
464 4396 536 4444 modo
553 4395 643 4444 Helen.
668 4409 704 4446 vs.
724 4395 896 4455 1364-1316,
913 4395 955 4444 ubi
972 4403 1044 4445 acute
1060 4394 1128 4455 satis,
1145 4396 1187 4443 sed
1200 4394 1286 4458 jocose
1301 4394 1382 4457 potius

312 4502 386 4551 quem
403 4484 509 4548 tragice,
526 4484 650 4546 ambiguis
660 4484 742 4534 verbis
749 4483 848 4533 Helena
855 4493 882 4533 et
889 4484 1019 4533 Menelaus
1027 4482 1154 4532 ludificant
1161 4483 1381 4547 Theoelymenum.
