3258 5328
841 445 882 504 22

327 628 463 696 sentiret
484 650 548 691 non
570 629 678 711 palam
702 649 800 693 ansus
824 633 874 692 est
894 626 1078 709 ostendere,
1106 627 1162 692 sed
1180 627 1396 711 praeceptoris

327 743 542 826 Anaxagorae
553 741 738 806 calamitate
750 741 912 823 monitus,
926 739 1053 805 cautius
1066 762 1140 805 suas
1152 739 1192 805 de
1204 740 1299 805 rebus
1312 739 1397 804 divi-

328 855 379 920 nis
395 854 563 940 opiniones
576 854 709 935 velavit,
720 875 778 920 nee
792 855 855 919 nisi
867 853 981 919 furtim
991 858 1024 919 et
1034 874 1090 938 per
1099 853 1251 939 ambages
1259 853 1397 926 subinde

328 967 487 1054 expressit
499 967 518 1032 ¹.
559 968 643 1032 Deos
667 966 741 1032 illos
765 989 844 1053 quos
867 967 1096 1032 contemnebat
1108 973 1165 1032 aut
1175 967 1289 1032 saltem
1300 967 1398 1050 plane

328 1079 420 1161 alios,
437 1101 534 1165 quam
546 1079 671 1145 solebat
684 1080 814 1164 vulgus,
826 1079 889 1144 sibi
902 1079 1081 1164 cogitabat,
1098 1079 1132 1143 in
1142 1079 1316 1164 tragoediis
1330 1077 1397 1143 suis

327 1192 422 1277 plane
448 1190 528 1256 tales
553 1190 702 1255 exhibuit
722 1191 834 1276 quales
850 1190 1015 1276 popularis
1029 1191 1229 1276 mythologie
1241 1190 1398 1276 depinge·

327 1305 384 1370 bat.
395 1305 416 1369 ⁹.
444 1303 536 1372 Fecit
560 1304 660 1389 igitur
684 1304 718 1368 id
737 1304 824 1388 quod
836 1303 870 1368 in
884 1304 978 1369 rebus
991 1304 1179 1389 theologicis
1193 1325 1257 1369 non
1270 1303 1398 1368 iterare

328 1430 439 1487 nostra
471 1444 597 1507 quoquc
628 1427 733 1487 aetate
764 1421 834 1486 fieri
857 1420 1023 1486 videmus:
1050 1443 1174 1486 servare
1198 1428 1231 1485 et
1254 1422 1398 1496 venerari

329 1534 498 1600 videbatur
532 1533 622 1614 aliis,
657 1539 690 1598 et
722 1533 784 1599 sibi
817 1534 881 1618 ipsi
916 1532 1070 1615 fortasse,
1096 1555 1178 1618 quae
1200 1555 1310 1599 revera
1333 1556 1397 1599 non

328 1649 419 1713 flocci
451 1648 629 1732 pendebat3
664 1654 697 1712 et
728 1647 788 1712 hac
812 1646 943 1731 quidem
968 1647 1001 1710 in
1025 1656 1134 1732 parte,
1164 1670 1237 1712 eum
1262 1648 1400 1713 caruerit

329 1762 466 1827 candore
501 1768 533 1826 et
570 1761 685 1826 falsam
722 1761 884 1846 quandam
921 1761 1061 1845 speciem
1092 1783 1167 1845 prae
1198 1784 1232 1826 sc
1269 1762 1399 1844 tulerit,

329 1876 411 1940 mihi
440 1875 569 1940 videtur
600 1874 801 1961 culpandus,
833 1875 1038 1960 caeteroquin
1062 1875 1157 1940 facile
1181 1899 1221 1941 ex
1245 1876 1399 1942 hodierna

329 1987 494 2073 cogitandi
518 1988 643 2052 ratione
665 1987 882 2052 absolvendus
907 1987 1102 2072 impietatis,
1129 1987 1214 2074 quod
1234 2011 1299 2054 non
1319 1989 1398 2054 satis

330 2102 451 2167 veritus
484 2102 528 2166 sit
561 2103 772 2187 olympicolas
804 2101 967 2184 crudeles,
999 2102 1158 2186 impurus,
1184 2104 1397 2189 impotentes,

331 2216 443 2300 quales
467 2239 487 2280 a
512 2217 643 2282 Graecis
668 2214 893 2280 adorabantur.
1154 2295 1157 2300 Ι

374 2329 508 2395 Etenim
531 2351 631 2414 quum
644 2350 771 2414 semper
782 2328 994 2412 improbanda
1007 2329 1051 2394 sit
1066 2329 1124 2394 illa
1139 2330 1241 2395 animi
1257 2331 1400 2396 conditio

329 2462 393 2526 qua
415 2442 513 2506 homo
533 2441 616 2526 qnid
639 2440 719 2521 velit
742 2447 775 2504 et
799 2463 861 2525 quo
885 2441 999 2506 tendat
1023 2441 1133 2506 haeret
1156 2443 1317 2525 incertae,
1341 2466 1399 2508 ceu

330 2554 435 2620 viator
458 2554 492 2619 in
516 2554 611 2618 trivio
636 2553 789 2619 dubitans
814 2576 878 2638 qua
901 2555 1017 2619 semita
1040 2555 1102 2619 sibi
1126 2557 1169 2620 sit
1188 2557 1399 2646 pergendum,

330 2677 401 2734 tum
434 2668 586 2753 Euripidi
621 2667 770 2752 inprimis
808 2666 989 2750 perniciosa
1019 2667 1099 2748 suit,
1131 2645 1262 2753 propter
1295 2690 1398 2753 genus

329 2803 461 2867 poeseos
494 2783 581 2868 quod
608 2782 670 2847 sibi
697 2782 838 2866 elegerat
865 2781 1087 2845 excolendum.
1139 2781 1209 2845 Hoc
1232 2780 1399 2866 aliquanto

329 2896 460 2962 uberius
492 2918 651 2981 exponere
683 2896 723 2960 ab
756 2899 948 2980 argumento
984 2894 1079 2978 hujus
1104 2893 1289 2976 scriptionis
1313 2892 1400 2957 haud

330 3009 473 3075 alienum
497 3010 588 3075 duco.
630 3009 757 3094 Quippe
782 3029 881 3092 quum
905 3008 1140 3092 Aristophanes
1154 3014 1186 3071 et
1199 3007 1399 3092 impietatem

331 3123 497 3208 Euripidis
523 3129 556 3188 et
579 3124 648 3208 ejus
673 3122 833 3187 rationem
847 3122 1028 3206 tragoedias
1041 3120 1180 3184 faciendi
1194 3120 1399 3204 vituperarit,

331 3256 394 3298 non
418 3236 525 3300 audax
549 3235 629 3300 mihi
653 3235 780 3300 videtur
803 3234 1005 3318 conjectura,
1031 3233 1188 3299 cornicum
1202 3233 1317 3315 illum,
1335 3255 1399 3298 non

330 3346 439 3411 minus
463 3347 626 3412 oculatum
650 3370 747 3433 qnam
771 3346 919 3411 hodierni
938 3346 1185 3427 sunthomines,
1199 3346 1401 3431 perspexisse

363 3603 369 3635 ¹
405 3605 556 3667 “Euripides
581 3607 631 3654 und
654 3608 821 3672 Anaxagoras
838 3608 986 3672 verkniipfte
1003 3610 1046 3656 das
1064 3610 1137 3658 Band
1153 3609 1223 3657 einer
1241 3607 1402 3671 Philosophia

330 3693 443 3744 “welche
459 3694 574 3758 geiiehtet
590 3698 640 3743 und
660 3695 808 3746 schlichtern
824 3697 864 3746 ihr
881 3697 1039 3748 Geheimniss
1056 3712 1100 3746 vor
1118 3699 1175 3745 dem
1192 3697 1400 3761 nrgwbhnischen

327 3782 414 3832 “Volh
432 3783 583 3832 bewahrte.''
599 3785 694 3833 Bernh.
711 3786 737 3834 ll.
756 3801 813 3850 pag.
832 3789 889 3836 401.

358 3872 368 3904 ²
403 3873 509 3922 Nullum
535 3873 647 3936 profecto
672 3875 755 3923 minus
772 3887 915 3926 reverenter
932 3893 1006 3941 quam
1025 3877 1161 3926 Herculem
1178 3877 1308 3934 tractavit,
1325 3891 1401 3940 quem

325 3965 352 4011 in
378 3961 507 4012 Alcestide
532 3963 681 4014 offendimus
706 3967 841 4016 voracitate
866 3967 991 4030 insignem
1017 3974 1042 4014 et
1058 3979 1112 4029 post
1128 3951 1320 4029 crebm'pocula
1332 3967 1402 4030 justo

328 4053 483 4113 hilariorem
510 4055 537 4103 in
562 4054 637 4119 Syleo
658 4070 756 4120 quoque
776 4058 898 4106 Hercules
915 4061 969 4114 τοῖς
986 4056 1080 4118 βοείοις
1097 4059 1184 4120 χλωρὰ
1202 4056 1254 4106 σῦκ’
1272 4055 1399 4114 ἐπήσθιεν,

328 4141 416 4205 ἅμουσ’
434 4143 563 4206 ὑλακτῶν,
581 4144 633 4206 (vd.
652 4146 770 4210 Meynek.
788 4147 879 4195 Exere.
897 4145 964 4193 Phil.
982 4146 995 4195 I
1014 4159 1071 4208 pag.
1088 4142 1403 4206 22sq.,adnthen.vl1

327 4245 385 4292 pag.
407 4232 456 4283 276
474 4232 486 4280 f
494 4234 502 4294 )
520 4233 569 4284 Sed
586 4249 662 4298 quum
679 4235 788 4285 Alcestis
813 4236 868 4284 loco
886 4235 987 4298 satyrici
1005 4236 1061 4283 data
1078 4235 1109 4282 sit
1128 4233 1202 4293 (conf.
1221 4249 1295 4297 snpra
1312 4235 1368 4284 adn.
1388 4236 1399 4283 1

327 4318 359 4366 ad
384 4334 439 4382 pag.
465 4323 500 4383 5),
525 4322 612 4386 Syleiis
639 4325 774 4375 veroniae
801 4325 875 4375 dubio
900 4326 1041 4388 ,satyricum
1066 4326 1153 4372 drama
1179 4323 1266 4381 fuerit,
1294 4323 1402 4372 hicnon

326 4407 413 4469 tragici
438 4423 544 4460 canones
569 4420 627 4462 sunt
648 4415 779 4463 adhibendi
806 4429 884 4478 noque
906 4415 935 4462 de
961 4417 1212 4471 duorumcontemtu
1230 4413 1335 4462 nimium
1354 4412 1401 4460 crit

326 4497 486 4559 querendum.
