3284 5338
823 423 883 486 128

316 603 466 683 Euripidis
487 604 638 684 tragoedia
659 605 818 684 (Telepho)
840 606 948 666 lectum
971 605 1073 678 luisse,
1090 612 1125 666 ut
1141 607 1231 668 etiem
1245 608 1335 668 sehol.
1353 608 1389 668 ad

314 698 437 758 Plutum
459 699 559 794 tradit.
581 699 629 760 Sic
650 701 741 761 etiam
763 699 938 778 Elmslejus,
962 699 1139 774 Fritsehius,
1161 699 1335 780 Wagnerus.

1041 795 1153 860 (sngm.
1170 797 1220 849 723
1236 797 1323 860 Diod.)

352 963 458 1041 liquit.
488 981 529 1023 vs.
563 968 641 1024 1240
670 963 928 1042 Cleon-Paphlago
950 963 982 1023 in
1002 983 1033 1024 re
1054 963 1208 1044 desperata
1227 965 1282 1026 hoo
1303 983 1389 1026 versu

311 1075 345 1115 ex
364 1055 516 1136 Euripidis
537 1057 669 1136 Telepho
689 1059 798 1118 utitur:
1306 1067 1312 1080 ·

473 1154 497 1217 ὦ
521 1151 618 1240 Φοῖβ’
634 1153 797 1220 Ἄπολλον
819 1158 923 1226 Λύκιε,
946 1158 977 1218 τί
995 1158 1070 1219 ποτέ
1093 1154 1123 1238 μ’
1145 1158 1282 1243 ἐργάσει;

327 1305 330 1312 .
1040 1249 1153 1314 (sngm.
1170 1251 1219 1303 705
1235 1251 1323 1312 Diod.)

352 1376 435 1442 lbid.
456 1395 498 1436 vs·
522 1380 613 1436 1249:

472 1467 626 1536 κυλίνδετ’
650 1471 722 1536 εἵσω
744 1469 835 1537 τόνδε
850 1475 907 1538 τὸν
929 1467 1131 1554 δυσδαίμονα·

351 1566 397 1626 Ex
418 1564 644 1643 Bellerophonte
664 1566 713 1626 hie
735 1584 836 1626 versus
856 1584 918 1627 esse
938 1565 1049 1626 dieitur
1064 1585 1082 1626 a
1098 1565 1204 1638 schol,
1229 1566 1288 1626 nisi
1310 1567 1387 1646 quod

312 1661 469 1742 Euripides
500 1661 665 1742 scripsisset
692 1662 833 1745 κομίζετ’.
854 1662 986 1740 (Frsgm.
1007 1667 1065 1722 312
1088 1661 1193 1740 Dind.)
1220 1662 1387 1723 Verisimile

309 1764 356 1818 est
375 1756 597 1837 praecedentem
618 1775 735 1836 quoque
755 1776 871 1817 versum

471 1853 566 1935 οἶμαι,
589 1851 759 1940 πέπρακται
782 1860 838 1917 τοῦ
860 1850 932 1918 θεοῦ
953 1855 990 1918 τὸ
1015 1851 1186 1938 θέσφατον,

310 1948 362 2027 qui
393 1949 484 2009 etiam
504 1948 592 2028 plane
613 1947 760 2026 tragicum
780 1946 870 2007 habet
890 1946 1035 2019 colorem,
1057 1966 1093 2006 ex
1113 1946 1215 2007 eedem
1237 1947 1387 2025 tragoedia

309 2065 371 2107 esse
391 2051 533 2107 sumtum.

350 2214 436 2278 loll.
455 2234 497 2276 rs.
521 2218 598 2276 1250
621 2232 684 2294 sqq.
706 2213 749 2275 sio
771 2212 1027 2292 (ileon-Paphlago
1049 2211 1211 2290 alloquitur
1232 2230 1315 2271 suam
1341 2231 1387 2272 oo·

309 2328 412 2370 ronam
434 2327 524 2388 quam
544 2309 641 2371 rietus
663 2329 680 2370 a
700 2309 868 2370 macellario
888 2305 1023 2387 deponit:

472 2408 496 2471 ὦ
519 2410 663 2492 στέφανε,
686 2409 808 2493 χαίρων
830 2402 934 2476 ἄπιθι,
957 2403 1001 2470 κεί’
1023 2405 1051 2469 σ’
1073 2404 1157 2469 ι’ίκων
1178 2406 1241 2489 ἐγὼ

471 2500 584 2566 λείπω·
605 2507 639 2566 σὲ
661 2498 687 2567 δ’
709 2500 813 2575 ἄλλος·
834 2527 882 2574 τις
906 2497 1023 2585 λαβὼν
1044 2501 1231 2573 κεκτήσεται,

473 2595 608 2671 κλέπτης
628 2601 683 2679 μὲν
701 2595 819 2660 οὐκᾶν
843 2593 985 2677 μᾶλλον,
1007 2595 1142 2681 εὐτυχὴς
1164 2589 1190 2657 δ’
1211 2593 1301 2668 lauic-

353 2689 494 2750 Imitatur
524 2696 613 2769 poeta
632 2689 722 2749 verba
742 2687 909 2767 Euripidis,
930 2687 963 2747 in
984 2687 1070 2765 eujus
1090 2686 1241 2747 Alcestide
1262 2687 1388 2747 nuncius

311 2785 414 2858 refert,
437 2785 590 2846 heroinam
610 2784 735 2863 jamjam
756 2784 932 2844 morituram
953 2781 1007 2842 tali
1028 2781 1115 2843 modo
1137 2787 1234 2842 torum
1256 2781 1389 2859 jugalem

312 2900 374 2942 esse
395 2881 516 2942 effatam
537 2881 594 2958 (rs.
618 2887 674 2943 177
696 2883 788 2960 sqq.):

473 2979 497 3042 ὦ
519 2977 668 3064 λέκτρον,
690 2975 765 3042 ’ἔνθα
786 2974 938 3062 ταρθένει’
961 2974 1046 3040 ἐ’λυσ’
1066 2977 1128 3060 ἐγὼ

474 3071 631 3158 κορεΰματ’
652 3075 684 3137 ἐκ
704 3067 788 3140 τοῦδ’
811 3066 946 3156 ἀνδρός,
967 3071 1004 3135 οὗ
1026 3068 1150 3144 θνήσκω
1172 3072 1257 3153 πέρι,

474 3165 559 3253 χαῖρ’
582 3169 640 3230 κτέ·

473 3295 485 3306 ·
507 3293 519 3306 ·
539 3295 551 3308 ·
573 3267 606 3326 σὲ
629 3259 654 3328 δ’
674 3259 758 3336 ἄλλη
779 3289 827 3335 τις
848 3261 930 3346 γυνὴ
951 3261 1138 3333 κεκτήσεται,

476 3358 614 3443 σώφρων
634 3361 690 3438 μὲν
712 3357 769 3421 οὐκ
790 3356 830 3420 ἂν
851 3353 992 3438 μᾶλλον,
1015 3354 1148 3439 εὐτυχὴς
1173 3348 1199 3417 δ’
1220 3353 1309 3427 ἴσως.

357 3535 439 3599 lbld.
460 3553 503 3594 rs.
527 3538 605 3594 1290
626 3551 703 3612 sqq:
826 3565 830 3574 ·

476 3634 494 3705 ἦ
516 3629 677 3704 πολλάκις
699 3633 872 3716 ἐννυχίαισι

476 3729 621 3811 φροντίσι
644 3728 888 3811 συγγεγένημαι,

479 3825 526 3886 καὶ
546 3817 700 3907 διεζήτηχ’
718 3818 834 3885 ὁπόθεν
851 3823 925 3885 ποτὲ
938 3818 1069 3905 φαύλως
1082 3814 1174 3882 ἐσθίει
1187 3815 1393 3898 Κλεώνυμος.

360 3916 396 3975 Ια
427 3935 458 3976 re
478 3913 591 3974 ludicra
610 3914 732 3992 respicit
752 3914 841 3974 verba
862 3913 1024 3985 Phaedrae,
1047 3911 1170 3990 Hippol.
1191 3929 1234 3970 vs.
1256 3913 1314 3971 375
1336 3927 1394 3988 sq:

478 4007 536 4087 ἤδη
557 4011 626 4075 ποτ’
648 4009 759 4085 ἄλλως
780 4012 893 4085 νυκτὸς
915 4012 947 4074 ὲν
967 4015 1079 4094 μακρῷ
1098 4009 1206 4094 χρόνῳ

417 4176 420 4181 ,
478 4103 600 4179 θνητῶν
621 4104 776 4189 ἐφρόντισ’
797 4102 817 4192 ᾗ
839 4101 1016 4192 διέφθαρται
1036 4100 1123 4188 βίος·
1185 4181 1191 4196 ⁸

321 4197 406 4259 Goni.
426 4198 501 4258 Ean.
521 4217 563 4259 rs.
585 4202 656 4270 931,
680 4196 804 4276 Lysistr.
824 4218 867 4260 rs.
888 4187 991 4276 26'sq.

362 4388 444 4452 {tid
465 4404 507 4446 vs.
529 4389 605 4445 1302
617 4380 759 4451 triremis,
780 4380 870 4456 longa
890 4381 1037 4439 vetustate
1057 4374 1153 4454 putris
1165 4378 1195 4432 et
1205 4372 1330 4445 rimosa,
1352 4371 1394 4432 sio

306 4484 432 4544 dieitur
452 4499 564 4542 sorores
584 4479 711 4538 allocuta
732 4493 805 4534 esse:
