3258 5328
753 445 790 508 15

234 630 355 713 riosus,
390 631 599 713 mulierosus,
634 629 668 692 in
701 630 802 693 Ranis
832 629 965 694 offertur
988 629 1154 695 cachinnis
1178 637 1303 715 specte-

235 751 361 822 torum;
388 743 525 808 Hermes
549 742 635 808 fame
648 747 784 807 vexatus
798 749 933 827 apparet
944 743 978 806 in
992 742 1084 808 Pluti
1095 742 1171 826 fine,
1183 765 1203 808 a
1215 765 1306 810 servo

235 857 298 922 sibi
321 856 415 943 panis
440 861 581 922 crustam
594 860 719 940 petens3
733 856 819 920 idem
832 877 942 921 servus
955 857 1053 941 paulo
1065 861 1141 921 ante
1165 857 1308 922 narravit

235 977 273 1035 ut
295 969 491 1054 Aesculapio
513 968 548 1032 in
572 967 640 1054 ejus
665 969 741 1033 fano
753 968 922 1054 oppederit
933 969 1106 1054 praesenti.
1133 970 1173 1034 ln
1185 971 1308 1037 Avium

237 1083 418 1149 salsissima
427 1080 594 1147 comoedia
602 1081 820 1156 Athenienses
829 1081 905 1164 duo,
919 1081 1028 1146 avium
1041 1082 1134 1167 genti
1146 1082 1309 1168 imperan-

238 1204 306 1277 tes,
336 1196 413 1261 deos
445 1217 466 1260 a
494 1202 579 1258 terra
601 1193 841 1277 intercludunt,
867 1215 947 1279 quos
971 1216 1047 1259 mox
1070 1193 1310 1281 βουλιμιῶντας

237 1312 359 1392 cogunt
394 1327 504 1372 secum
538 1305 666 1390 pacisci.
716 1305 872 1390 Ejusdem
905 1305 1028 1372 farinae
1061 1307 1095 1371 hi
1127 1329 1239 1374 versus
1271 1308 1306 1372 in

238 1420 336 1485 Pluto
359 1419 522 1502 videntur,
547 1419 587 1484 de
610 1418 681 1502 ipso
704 1419 786 1484 Jove
810 1419 907 1503 dicti,
936 1442 982 1486 vs.
1010 1424 1073 1486 124
1098 1443 1186 1507 sqq.:

439 1532 493 1598 οίει
515 1533 578 1620 γὰρ
600 1532 677 1598 εἶναι
699 1535 755 1608 τὴν
778 1535 857 1607 Διὸς
878 1529 1049 1620 τυραννίδα

438 1643 485 1702 καὶ
507 1642 581 1712 τοὺς
603 1641 773 1724 κεραυνοὺς
794 1635 905 1713 &Elone
925 1637 1120 1724 τριωβόλου,

439 1743 492 1808 ἐὰν
514 1739 705 1829 ἀναβλέψῃς
728 1745 766 1806 σὺ
789 1741 846 1808 κᾶν
866 1743 978 1829 μικρὸν
1000 1743 1162 1829 χρόνονς1

283 1862 403 1927 Parum
429 1868 611 1926 reverenter
636 1861 737 1946 igitur
760 1860 850 1947 loqui
873 1860 998 1926 solebat
1021 1862 1060 1927 de
1083 1861 1165 1941 diis3
1191 1864 1311 1951 impius
1339 1890 1343 1897 ·

240 1986 350 2040 tamen
385 1975 492 2040 vocari
528 1975 619 2040 nullo
646 1981 742 2060 pecto
763 1975 913 2058 volebat,
939 1975 1019 2060 quin
1041 1975 1112 2072 ipse
1136 1976 1199 2042 sibi
1221 1979 1312 2046 vide·

240 2089 335 2154 batur
365 2109 435 2152 esse
468 2087 551 2172 pius.
603 2087 666 2153 sed
699 2087 823 2152 cultum
858 2086 952 2151 illum
982 2088 1132 2171 deorum,
1156 2089 1213 2154 vix
1234 2091 1312 2157 ullis

240 2201 462 2268 fundamentis
486 2201 668 2286 nitentem,
694 2201 818 2288 siquis
841 2201 977 2266 rationis
994 2201 1093 2267 armis
1110 2202 1311 2287 sollicitaret,

241 2315 411 2382 defendere
434 2335 500 2378 non
522 2319 652 2399 poterat
667 2321 691 2395 2,
711 2334 811 2398 eoque
823 2313 950 2398 aegrius
968 2313 1049 2378 ferre
1064 2313 1178 2380 debuit
1190 2316 1312 2399 quasli-

272 2467 280 2498 ¹
298 2467 364 2515 Vide
388 2473 517 2528 praeterea
540 2464 678 2514 Bernhard.
700 2464 725 2512 ll.
744 2479 801 2528 pag.
819 2465 879 2513 621:
915 2464 988 2513 “Wir
1004 2464 1105 2514 konnen
1123 2465 1249 2514 vielleieht
1266 2482 1314 2515 nur

238 2557 279 2605 die
301 2555 447 2618 winzigsten
471 2553 571 2616 Kapitel
594 2554 638 2602 der
664 2555 763 2619 γελοῖαι
781 2553 857 2603 kaurn
873 2553 955 2602 ebnen
972 2555 1017 2602 wir
1034 2554 1074 2603 die
1084 2554 1236 2604 schlimmen
1253 2556 1314 2604 Tre·

239 2645 333 2695 vestien
349 2644 400 2694 und
417 2642 548 2693 burleskeu
565 2641 661 2692 Scenen
681 2644 787 2690 sunder
806 2641 988 2705 Mytbologie,⁸
999 2680 1004 2690 .
1016 2631 1029 2690 .’
1043 2643 1119 2692 deren
1130 2644 1320 2717 Aristophanes

239 2743 312 2784 unter
328 2736 375 2782 den
391 2733 559 2796 abgenutzten
575 2730 719 2781 komiscbeu
735 2730 849 2780 Themen
865 2731 944 2795 Vesp.
960 2733 993 2781 60
1008 2733 1141 2796 gedenlrt.''
1158 2743 1205 2783 etc.

271 2823 283 2856 ²
298 2812 460 2874 Iunonibus
476 2828 534 2870 sunt
551 2835 637 2869 versus
654 2820 747 2884 aliquot
762 2819 804 2884 qni
821 2819 883 2868 mihi
899 2820 945 2879 hac
961 2821 987 2868 irr
1004 2835 1032 2870 re
1043 2837 1092 2870 non
1101 2825 1188 2888 exigui
1197 2826 1316 2874 momenti

240 2914 363 2964 videntur.
379 2912 429 2962 1110
446 2912 500 2961 loco
515 2913 545 2959 de
563 2909 673 2959 fulminis
681 2924 755 2958 causa
763 2910 855 2972 egitur.
865 2909 950 2961 Senex
958 2911 1159 2964 rusticnssdove
1167 2915 1263 2977 repotia
1272 2917 1315 2965 So·

240 3014 318 3053 crates
338 3011 422 3051 sutem
433 3008 512 3064 rogat:
529 3001 587 3063 “qui
604 2999 658 3049 fieri
666 2999 752 3062 possit,
761 2999 782 3047 si
792 2999 894 3062 Jupiter
902 3000 986 3048 mittet
993 2999 1099 3064 fulgure,
1107 3011 1135 3052 nt
1144 3004 1190 3067 (vs.
1198 3006 1247 3055 399
1254 3006 1317 3069 sqq.)

731 3092 789 3155 οὐχί
806 3090 896 3156 Σίμων’
914 3091 1063 3156 ἐνέπρησεν,

223 3239 229 3252 ,
307 3185 362 3234 aridi
380 3185 534 3247 Κλεώνυμον
552 3181 608 3230 οὐδὲ
626 3179 736 3244 elopem
753 3181 834 3229 καίτοι
851 3179 946 3245 σφόδρα
963 3179 986 3245 γ’
1004 3180 1046 3229 είσ’
1064 3182 1182 3246 ἐπίορκοι.

307 3273 375 3321 ἀλλὰ
391 3273 438 3321 τὸν
455 3270 534 3320 αὑτοῦ
552 3287 580 3335 γε
596 3267 661 3318 νεὼν
676 3268 769 3330 βάλλει
786 3268 827 3317 καί
845 3267 953 3318 Σούνιον
970 3269 1048 3332 ἅτερον
1064 3267 1187 3330 Ἀθηνέων

307 3364 411 3419 καὶτὰς
429 3359 489 3424 δρῦς
507 3361 553 3416 τὰς
570 3358 689 3422 μεγάλας·
707 3357 731 3405 τί
749 3357 852 3415 σαθώνς
870 3357 899 3405 od
917 3358 964 3422 γὰρ
982 3355 1012 3416 δὴ
1030 3357 1089 3422 δρῦς
1106 3358 1128 3423 γ’
1145 3361 1278 3424 ίττιορκεῖ.”

243 3453 309 3512 Quid
326 3466 387 3500 vero
403 3450 535 3514 respondet
552 3447 706 3510 Strepsiades
723 3461 799 3494 senex
814 3447 846 3495 ed
863 3446 927 3495 hanc
936 3447 1038 3497 minime
1045 3463 1133 3497 venam
1140 3449 1319 3512 quaestionem,

243 3556 318 3606 quam
341 3550 392 3590 turn
416 3539 480 3603 aptis
505 3538 587 3586 verbis
612 3535 753 3598 exprimere
778 3549 827 3583 non
853 3535 972 3598 potuisset
988 3536 1183 3600 Aristophanes,
1199 3537 1247 3586 nisi
1265 3538 1318 3602 ipse

243 3646 317 3694 quam
335 3631 417 3694 gravis
434 3637 498 3678 esset
515 3627 634 3676 sentiret?
660 3624 722 3673 nihil
738 3633 837 3688 praeter
854 3625 1068 3674 heecduoverbe:
1087 3625 1205 3676 οὐκοῖδα.
1224 3626 1266 3678 Sic
1273 3637 1319 3686 eet,

243 3721 380 3779 nesciebat,
404 3720 500 3781 etipse
517 3725 591 3780 poeta
607 3715 739 3773 nesciebat,
757 3714 801 3763 sed
817 3713 947 3763 scire'non
964 3716 1074 3764 curabat.
1108 3718 1171 3766 Tam
1189 3716 1279 3766 flexilis
1295 3718 1318 3767 οἱ

244 3818 282 3858 est
299 3797 411 3858 doctrina
425 3811 456 3857 de
472 3808 532 3864 diis,
549 3815 577 3854 nt
593 3806 686 3856 Jovem
702 3811 829 3866 potentem
847 3803 970 3867 simulque
984 3813 1110 3867 potentem
1121 3805 1234 3855 Aethera
1242 3807 1319 3869 possit

244 3899 366 3958 revereri,
383 3906 411 3948 ut
427 3897 564 3948 ostenditur
581 3895 626 3944 hoc
643 3895 753 3953 cantico,
770 3893 812 3942 ubi
829 3893 895 3942 seria
910 3900 1025 3958 aguntur,
1043 3895 1109 3944 Nub.
1127 3897 1317 3948 uses-om:

439 3985 640 4051 ὑψιμέδοντα
664 3986 718 4048 μὲν
743 3967 825 4032 θεῶν
918 3977 920 3982 ’

440 4071 523 4136 Ζῆνα
550 4075 710 4137 τύραννον
734 4074 760 4131 ἐς
777 4073 855 4136 χορὸν
881 4111 884 4117 .

441 4170 529 4230 πρῶτα
545 4163 628 4229 μέγαν
644 4162 777 4230 κικλήσκω·

439 4255 485 4303 τόν
501 4271 528 4304 τε
544 4253 685 4316 μεγασθενῆ
704 4253 819 4314 τριαίνης
836 4251 940 4314 ταμίαν,

442 4349 489 4408 γῆς
507 4361 534 4394 τε
551 4344 592 4393 :al
610 4341 725 4407 ἁλμυρᾶς
742 4341 874 4401 θαλάσσης
892 4342 981 4405 ἄγριον
995 4340 1147 4403 μοχλευτήν·

440 4435 492 4483 καί
517 4431 743 4497 μεγαλώνυμον
768 4429 920 4494 ἡμέτερον
946 4428 1052 4492 πατέρ’

442 4521 556 4588 Αίθίρα
581 4525 794 4586 σεμνότατον,
820 4518 1041 4584 βιοθρέμμονα
1061 4521 1199 4569 πάντων.
