3284 5338
794 455 853 516 151

323 636 405 700 lbid.
426 655 468 698 vs.
489 641 579 698 1244:

444 737 536 808 Ζεάς,
561 735 605 807 ὡς
620 730 770 797 Ιλέλεκται
792 742 847 808 τῆς
869 730 1018 808 ἀληθείας
1039 732 1116 804 dero,

330 823 514 906 Melanippes
536 825 683 905 Sapientis
704 825 834 884 initium.
860 861 896 868 —
916 824 1001 885 Adde
1023 844 1058 884 ex
1079 824 1166 903 Greg.
1188 826 1254 888 (lor.
1276 824 1363 883 Rhet.

283 918 346 980 VII
367 939 434 998 pag.
458 925 548 982 1312:

434 1015 569 1094 Ἕλλην’
589 1016 716 1086 ἐ’τικτεν,

279 1109 356 1169 unde
388 1110 483 1188 liquet
515 1129 667 1190 perperam
700 1128 742 1170 vs.
779 1113 855 1170 1245
887 1110 1052 1190 Dionysum
1087 1107 1225 1188 Euripidi
1255 1108 1362 1169 dicere:

279 1205 391 1278 “Oave,
422 1205 485 1284 jam
515 1207 594 1267 enim
626 1225 713 1266 suum
744 1205 905 1285 lecythium
932 1206 1051 1276 addet'’;
1072 1205 1121 1266 hic
1142 1205 1221 1265 enim
1244 1205 1362 1264 annecti

278 1317 338 1360 non
358 1307 466 1378 posset.

938 1379 939 1384 ’
1019 1383 1129 1445 (Fregm.
1146 1383 1195 1431 484
1211 1381 1296 1443 Diod.)
1362 1401 1364 1406 ·

319 1507 403 1573 lbld.
425 1529 470 1569 vs.
497 1515 696 1570 rata-1322
718 1511 873 1571 continent
893 1511 991 1594 μέλος
1012 1509 1210 1588 compositum
1231 1508 1268 1568 ad
1285 1507 1361 1567 deri-

279 1600 374 1662 denda
405 1605 521 1664 cantica
543 1606 710 1685 Euripidis,
732 1606 764 1665 in
785 1625 843 1684 quo
864 1605 940 1664 rarii
961 1604 1053 1683 panni
1075 1623 1110 1663 ex
1131 1603 1197 1682 ejus
1218 1603 1361 1663 dramatis

277 1699 395 1758 consuti
427 1707 510 1771 suut;
541 1703 643 1774 rerba,
677 1721 752 1780 quae
784 1722 819 1762 ex
850 1701 969 1761 scholiis
994 1707 1077 1779 patet
1106 1718 1168 1760 esse
1190 1697 1359 1777 Euripiden,

276 1791 455 1870 largioribus
476 1796 555 1856 inter
575 1798 677 1858 literas
698 1797 860 1874 designabo
881 1796 995 1875 spatiis.

352 1882 355 1885 Α
406 1890 649 1965 1ἀλκυόνες,
677 1892 716 1958 αἳ
742 1892 834 1978 παρ’
864 1893 1027 1965 ἀενάοις
1057 1889 1267 1964 θαλάσσας

437 1989 581 2068 κύμασι
613 1987 884 2070 στωμύλλετε,

438 2085 607 2168 τέγγουσαι
630 2089 749 2158 νοτίαις·
768 2088 889 2170 πτερῶν

425 2169 544 2260 Ῐρανῖσι
564 2181 646 2264 χρόα
670 2174 896 2264 δροσιζόμεναι·

437 2273 468 2334 ui
492 2271 518 2336 θ’
540 2274 810 2360 ὑπωρόφιοικατὰ
832 2277 953 2359 γωνίας

435 2368 713 2435 εἱειειειειεὶλῖσσετε
736 2367 902 2443 δακτάλοις
925 2367 1090 2455 φάλαγγες

436 2465 582 2529 ἱστόπονα
605 2469 799 2546 πηνίσματα,

400 2555 620 2644 9κερκίδος
641 2555 781 2623 ἀοιδοῦ
803 2557 985 2641 μελέτας,

400 2653 480 2717 ³‘r'v’
504 2659 521 2719 ὁ
544 2655 746 2740 φίλαυλος
769 2654 914 2720 ἔπαλλε
938 2651 1021 2718 δελ·
1115 2662 1118 2667 ’
1189 2665 1191 2670 '

402 2738 500 2839 4ςφὶς
533 2749 701 2836 προάροις
724 2748 1020 2835 κυανεμβόλοις·

372 2845 390 2882 ,·
422 2835 563 2924 lyravreio
576 2849 634 2908 ’καὶ
659 2841 816 2917 σταδίους·

400 2939 413 2974 ⁶
436 2937 635 3013 οἰνάνθας,
658 2940 760 3024 γάνος
783 2938 939 3021 ἀμπέλου,

434 3030 578 3119 βότρυος
600 3033 686 3098 ἕλικα
708 3037 918 3097 παυσίπονον·
946 3103 948 3106 ,

399 3127 413 3164 ⁰
434 3125 652 3214 περίβαλλ’,
675 3129 698 3192 ὦ
719 3133 866 3200 τέκνον,
890 3126 1042 3200 ὠλένας.

271 3295 274 3302 “
312 3283 394 3347 lbld.
416 3303 458 3343 vs.
483 3287 559 3343 1325
582 3301 645 3361 sqq.
667 3282 830 3360 Aeschylus
852 3281 1051 3341 acerbissime:

432 3385 549 3444 τοιαυτὶ
571 3383 674 3460 με’ντοι
697 3383 735 3443 σὺ
757 3383 858 3444 ποιων

433 3473 556 3560 τολμᾷς
575 3475 656 3556 τάμὰ
677 3473 755 3556 με’λη
777 3477 897 3559 ψέγειν,
940 3495 941 3498 ’

433 3569 492 3635 ἀνὰ·
515 3570 550 3633 τὸ
573 3566 836 3655 δωδεκαμήχανον
902 3623 905 3632 ,

307 3662 310 3667 ’
435 3666 584 3752 Κυρήνης
605 3665 799 3747 μελοποιῶν;

304 3815 475 3866 ¹Secunduru
500 3815 578 3863 schol.
602 3829 634 3864 ex
662 3815 746 3878 Iphig.
773 3817 878 3875 Aralla,
907 3817 951 3866 sed
966 3818 1100 3880 legendum
1118 3815 1215 3865 videtur
1235 3815 1309 3863 Your.
1327 3821 1351 3861 et

271 3896 358 3958 respici
376 3909 463 3943 versus
482 3895 556 3944 1089:

271 3975 353 4038 ὄρνις,
371 3977 388 4023 ἂ
407 3977 477 4037 παρὰ
495 3974 616 4037 πετρίνας
634 3975 731 4022 πόντου
749 3974 878 4038 δειράδας,
897 3975 1010 4036 ἀλκυών,
1029 3977 1118 4041 ἔλεγον
1135 3974 1236 4039 οἰκτρὸν
1254 3973 1349 4032 ἀείδεις.

304 4053 314 4085 ²
330 4056 373 4104 Ex
391 4053 530 4116 Meleagro,
549 4067 597 4104 sec.
613 4054 689 4103 schol.
709 4055 820 4118 (Fragm.
838 4057 887 4106 527
903 4055 993 4115 Dind.)

304 4133 314 4164 ³
330 4135 372 4182 Ex
389 4133 490 4182 Electra
506 4135 552 4195 (rs.
569 4135 635 4196 436).

305 4214 448 4263 ⁴Laterem
473 4215 552 4271 lavet,
579 4215 690 4277 quisquis
716 4213 777 4262 haee
801 4215 895 4277 disjecti
920 4215 1032 4264 membra
1053 4220 1139 4277 poetae
1157 4215 1183 4262 in
1200 4213 1347 4262 sententiam

270 4295 422 4345 tolerabilem
436 4293 544 4358 jungere
562 4294 629 4342 velit.

304 4375 374 4424 ‘Ad
398 4374 457 4422 illud
483 4389 515 4422 ex
540 4373 678 4438 Hypsipyle
702 4373 839 4436 Euripidis:
866 4373 973 4422 oivdvila
999 4373 1079 4439 τρέφει
1106 4376 1152 4424 τὸν
1169 4375 1236 4438 ἱερὸν
1253 4375 1349 4438 βότρυν

271 4458 346 4508 schol.
364 4459 475 4520 (Fragm.
492 4457 541 4509 765
558 4456 643 4517 Dind.)

304 4537 313 4567 ⁶
332 4537 431 4587 Pariter
447 4552 479 4586 cx
497 4535 651 4599 Hypsipyle,
670 4535 745 4584 schol.
765 4535 876 4598 (Fragm.
895 4535 943 4586 756
961 4533 1048 4596 Diod.)
