<?xml version="1.0" encoding="UTF-8"?>
<!DOCTYPE html PUBLIC "-//W3C//DTD XHTML 1.0 Transitional//EN"
    "http://www.w3.org/TR/xhtml1/DTD/xhtml1-transitional.dtd">
<html xmlns="http://www.w3.org/1999/xhtml" xml:lang="en" lang="en">
 <head>
  <title>
</title>
<meta http-equiv="Content-Type" content="text/html;charset=utf-8" />
  <meta name='ocr-system' content='tesseract 3.04.00' />
  <meta name='ocr-capabilities' content='ocr_page ocr_carea ocr_par ocr_line ocrx_word'/>
</head>
<body>
  <div class='ocr_page' id='page_1' title='image "./specimenliterar00leeugoog_0056.png"; bbox 0 0 3258 5328; ppageno 0'>
   <div class='ocr_carea' id='block_1_1' title="bbox 776 469 817 528">
    <p class='ocr_par' dir='ltr' id='par_1_1' title="bbox 776 469 817 528">
     <span class='ocr_line' id='line_1_1' title="bbox 776 469 817 528; baseline 0.024 -1"><span class='ocrx_word' id='word_1_1' title='bbox 776 469 817 528; x_wconf 88' lang='grc'>43</span> 
     </span>
    </p>
   </div>
   <div class='ocr_carea' id='block_1_2' title="bbox 259 647 1418 1187">
    <p class='ocr_par' dir='ltr' id='par_1_2' title="bbox 259 647 1418 1187">
     <span class='ocr_line' id='line_1_2' title="bbox 305 647 1331 735; baseline 0.001 -21"><span class='ocrx_word' id='word_1_2' title='bbox 305 650 393 714; x_wconf 88' lang='lat' dir='ltr'>Num</span> <span class='ocrx_word' id='word_1_3' title='bbox 417 654 503 714; x_wconf 90' lang='lat' dir='ltr'>recte</span> <span class='ocrx_word' id='word_1_4' title='bbox 522 648 704 734; x_wconf 79' lang='lat' dir='ltr'>judicavit?</span> <span class='ocrx_word' id='word_1_5' title='bbox 749 649 912 735; x_wconf 83' lang='lat' dir='ltr'><strong>Equidem</strong></span> <span class='ocrx_word' id='word_1_6' title='bbox 936 647 1096 714; x_wconf 88' lang='lat' dir='ltr'>affirmare</span> <span class='ocrx_word' id='word_1_7' title='bbox 1119 670 1184 713; x_wconf 90' lang='lat' dir='ltr'>non</span> <span class='ocrx_word' id='word_1_8' title='bbox 1206 650 1331 732; x_wconf 88' lang='lat' dir='ltr'>dubito,</span> 
     </span>
     <span class='ocr_line' id='line_1_3' title="bbox 260 761 1333 850; baseline -0.004 -22"><span class='ocrx_word' id='word_1_9' title='bbox 260 785 361 849; x_wconf 90' lang='lat' dir='ltr'>quum</span> <span class='ocrx_word' id='word_1_10' title='bbox 393 785 524 828; x_wconf 90' lang='lat' dir='ltr'>oausam</span> <span class='ocrx_word' id='word_1_11' title='bbox 558 762 627 849; x_wconf 89' lang='lat' dir='ltr'>ejus</span> <span class='ocrx_word' id='word_1_12' title='bbox 660 766 911 850; x_wconf 82' lang='grc' dir='ltr'>παλαμηχαυίας,</span> <span class='ocrx_word' id='word_1_13' title='bbox 945 769 982 829; x_wconf 93' lang='lat' dir='ltr'>ut</span> <span class='ocrx_word' id='word_1_14' title='bbox 1012 762 1097 846; x_wconf 85' lang='lat' dir='ltr'>dixi,</span> <span class='ocrx_word' id='word_1_15' title='bbox 1127 761 1271 848; x_wconf 84' lang='lat' dir='ltr'>repetam</span> <span class='ocrx_word' id='word_1_16' title='bbox 1294 784 1333 826; x_wconf 89' lang='lat' dir='ltr'>ex</span> 
     </span>
     <span class='ocr_line' id='line_1_4' title="bbox 259 875 1333 964; baseline -0.004 -22"><span class='ocrx_word' id='word_1_17' title='bbox 259 875 380 963; x_wconf 87' lang='lat' dir='ltr'>poetici</span> <span class='ocrx_word' id='word_1_18' title='bbox 413 877 536 943; x_wconf 87' lang='lat' dir='ltr'>ardoris</span> <span class='ocrx_word' id='word_1_19' title='bbox 572 878 720 964; x_wconf 78' lang='lat' dir='ltr'>segnitie.</span> <span class='ocrx_word' id='word_1_20' title='bbox 770 878 810 942; x_wconf 93' lang='lat' dir='ltr'>In</span> <span class='ocrx_word' id='word_1_21' title='bbox 853 876 933 942; x_wconf 86' lang='lat' dir='ltr'>duas</span> <span class='ocrx_word' id='word_1_22' title='bbox 967 883 1077 943; x_wconf 89' lang='lat' dir='ltr'>antem</span> <span class='ocrx_word' id='word_1_23' title='bbox 1110 881 1217 962; x_wconf 89' lang='lat' dir='ltr'>partes</span> <span class='ocrx_word' id='word_1_24' title='bbox 1251 875 1333 940; x_wconf 89' lang='lat' dir='ltr'>mihi</span> 
     </span>
     <span class='ocr_line' id='line_1_5' title="bbox 260 988 1418 1076; baseline -0.002 -21"><span class='ocrx_word' id='word_1_25' title='bbox 260 989 388 1055; x_wconf 89' lang='lat' dir='ltr'>videtur</span> <span class='ocrx_word' id='word_1_26' title='bbox 421 990 591 1055; x_wconf 89' lang='lat' dir='ltr'>commode</span> <span class='ocrx_word' id='word_1_27' title='bbox 624 988 727 1054; x_wconf 91' lang='lat' dir='ltr'>dividi</span> <span class='ocrx_word' id='word_1_28' title='bbox 758 1010 855 1074; x_wconf 91' lang='lat' dir='ltr'>posse</span> <span class='ocrx_word' id='word_1_29' title='bbox 888 989 966 1055; x_wconf 91' lang='lat' dir='ltr'>haec</span> <span class='ocrx_word' id='word_1_30' title='bbox 1000 989 1177 1055; x_wconf 78' lang='lat' dir='ltr'>accusatio:</span> <span class='ocrx_word' id='word_1_31' title='bbox 1217 1011 1333 1076; x_wconf 85' lang='lat' dir='ltr'>nempe</span> <span class='ocrx_word' id='word_1_32' title='bbox 1412 1029 1418 1044; x_wconf 87' lang='lat'><em>-</em></span> 
     </span>
     <span class='ocr_line' id='line_1_6' title="bbox 260 1101 1209 1187; baseline 0.001 -21"><span class='ocrx_word' id='word_1_33' title='bbox 260 1105 353 1167; x_wconf 76' lang='lat' dir='ltr'>nimis</span> <span class='ocrx_word' id='word_1_34' title='bbox 375 1101 473 1167; x_wconf 83' lang='lat' dir='ltr'>multo</span> <span class='ocrx_word' id='word_1_35' title='bbox 495 1101 659 1168; x_wconf 90' lang='lat' dir='ltr'>invenisse</span> <span class='ocrx_word' id='word_1_36' title='bbox 683 1102 892 1187; x_wconf 83' lang='lat' dir='ltr'>Euripidem,</span> <span class='ocrx_word' id='word_1_37' title='bbox 918 1109 951 1168; x_wconf 91' lang='lat' dir='ltr'>et</span> <span class='ocrx_word' id='word_1_38' title='bbox 974 1106 1066 1168; x_wconf 81' lang='lat' dir='ltr'>nimis</span> <span class='ocrx_word' id='word_1_39' title='bbox 1089 1103 1209 1168; x_wconf 78' lang='lat' dir='ltr'>collide.</span> 
     </span>
    </p>
   </div>
   <div class='ocr_carea' id='block_1_3' title="bbox 368 1463 1226 1550">
    <p class='ocr_par' dir='ltr' id='par_1_3' title="bbox 368 1463 1226 1550">
     <span class='ocr_line' id='line_1_7' title="bbox 368 1463 1226 1550; baseline 0 -20"><span class='ocrx_word' id='word_1_40' title='bbox 368 1467 382 1547; x_wconf 69' lang='lat' dir='ltr'>t</span> <span class='ocrx_word' id='word_1_41' title='bbox 409 1469 439 1530; x_wconf 85' lang='lat'>2.</span> <span class='ocrx_word' id='word_1_42' title='bbox 487 1465 539 1530; x_wconf 83' lang='lat' dir='ltr'>De</span> <span class='ocrx_word' id='word_1_43' title='bbox 562 1467 690 1530; x_wconf 78' lang='lat' dir='ltr'>crimine</span> <span class='ocrx_word' id='word_1_44' title='bbox 712 1467 897 1530; x_wconf 76' lang='lat' dir='ltr'>incoationis</span> <span class='ocrx_word' id='word_1_45' title='bbox 919 1469 1011 1530; x_wconf 79' lang='lat' dir='ltr'>nimis</span> <span class='ocrx_word' id='word_1_46' title='bbox 1032 1463 1226 1550; x_wconf 74' lang='lat' dir='ltr'>multiplicis.</span> 
     </span>
    </p>
   </div>
   <div class='ocr_carea' id='block_1_4' title="bbox 213 1664 1411 4589">
    <p class='ocr_par' dir='ltr' id='par_1_4' title="bbox 257 1664 1334 2548">
     <span class='ocr_line' id='line_1_8' title="bbox 303 1664 1332 1754; baseline -0.001 -21"><span class='ocrx_word' id='word_1_47' title='bbox 303 1668 357 1733; x_wconf 91' lang='lat' dir='ltr'>Ad</span> <span class='ocrx_word' id='word_1_48' title='bbox 388 1667 478 1754; x_wconf 89' lang='lat' dir='ltr'>prius</span> <span class='ocrx_word' id='word_1_49' title='bbox 512 1666 630 1731; x_wconf 90' lang='lat' dir='ltr'>vitium</span> <span class='ocrx_word' id='word_1_50' title='bbox 653 1686 718 1729; x_wconf 94' lang='lat' dir='ltr'>non</span> <span class='ocrx_word' id='word_1_51' title='bbox 742 1664 790 1730; x_wconf 88' lang='lat' dir='ltr'>ita</span> <span class='ocrx_word' id='word_1_52' title='bbox 813 1672 923 1752; x_wconf 88' lang='lat' dir='ltr'>aperte</span> <span class='ocrx_word' id='word_1_53' title='bbox 946 1664 1065 1732; x_wconf 80' lang='lat' dir='ltr'>alludit</span> <span class='ocrx_word' id='word_1_54' title='bbox 1087 1666 1332 1750; x_wconf 80' lang='lat' dir='ltr'>Aristophanes,</span> 
     </span>
     <span class='ocr_line' id='line_1_9' title="bbox 259 1779 1333 1864; baseline 0.001 -17"><span class='ocrx_word' id='word_1_55' title='bbox 259 1781 409 1847; x_wconf 81' lang='lat' dir='ltr'>necerim</span> <span class='ocrx_word' id='word_1_56' title='bbox 432 1780 509 1845; x_wconf 89' lang='lat' dir='ltr'>inde</span> <span class='ocrx_word' id='word_1_57' title='bbox 534 1785 602 1845; x_wconf 89' lang='lat' dir='ltr'>tam</span> <span class='ocrx_word' id='word_1_58' title='bbox 629 1784 740 1864; x_wconf 88' lang='lat' dir='ltr'>aptam</span> <span class='ocrx_word' id='word_1_59' title='bbox 762 1785 890 1864; x_wconf 87' lang='lat' dir='ltr'>poterat</span> <span class='ocrx_word' id='word_1_60' title='bbox 911 1779 1059 1864; x_wconf 88' lang='lat' dir='ltr'>jocorum</span> <span class='ocrx_word' id='word_1_61' title='bbox 1085 1779 1255 1845; x_wconf 91' lang='lat' dir='ltr'>materiem</span> <span class='ocrx_word' id='word_1_62' title='bbox 1277 1780 1333 1848; x_wconf 82' lang='lat' dir='ltr'>de-</span> 
     </span>
     <span class='ocr_line' id='line_1_10' title="bbox 259 1891 1334 1981; baseline -0.001 -20"><span class='ocrx_word' id='word_1_63' title='bbox 259 1915 386 1961; x_wconf 89' lang='lat' dir='ltr'>sumere</span> <span class='ocrx_word' id='word_1_64' title='bbox 418 1915 517 1981; x_wconf 89' lang='lat' dir='ltr'>quam</span> <span class='ocrx_word' id='word_1_65' title='bbox 552 1915 592 1958; x_wconf 89' lang='lat' dir='ltr'>ex</span> <span class='ocrx_word' id='word_1_66' title='bbox 623 1893 767 1958; x_wconf 83' lang='lat' dir='ltr'>inventis</span> <span class='ocrx_word' id='word_1_67' title='bbox 799 1891 898 1958; x_wconf 86' lang='lat' dir='ltr'>nimis</span> <span class='ocrx_word' id='word_1_68' title='bbox 931 1893 1068 1958; x_wconf 89' lang='lat' dir='ltr'>callidis.</span> <span class='ocrx_word' id='word_1_69' title='bbox 1118 1893 1193 1958; x_wconf 88' lang='lat' dir='ltr'>Non</span> <span class='ocrx_word' id='word_1_70' title='bbox 1225 1899 1334 1961; x_wconf 88' lang='lat' dir='ltr'>tamen</span> 
     </span>
     <span class='ocr_line' id='line_1_11' title="bbox 259 2005 1332 2092; baseline -0.001 -20"><span class='ocrx_word' id='word_1_71' title='bbox 259 2007 374 2074; x_wconf 90' lang='lat' dir='ltr'>dubito</span> <span class='ocrx_word' id='word_1_72' title='bbox 395 2008 473 2092; x_wconf 90' lang='lat' dir='ltr'>quin</span> <span class='ocrx_word' id='word_1_73' title='bbox 496 2006 531 2070; x_wconf 91' lang='lat' dir='ltr'>in</span> <span class='ocrx_word' id='word_1_74' title='bbox 554 2006 782 2092; x_wconf 70' lang='grc' dir='ltr'>πολυμηχανίᾳ</span> <span class='ocrx_word' id='word_1_75' title='bbox 806 2005 984 2091; x_wconf 82' lang='lat' dir='ltr'>Euripidae</span> <span class='ocrx_word' id='word_1_76' title='bbox 1006 2028 1072 2092; x_wconf 88' lang='lat' dir='ltr'>non</span> <span class='ocrx_word' id='word_1_77' title='bbox 1088 2006 1198 2072; x_wconf 75' lang='lat' dir='ltr'>minus</span> <span class='ocrx_word' id='word_1_78' title='bbox 1215 2006 1332 2071; x_wconf 91' lang='lat' dir='ltr'>immo-</span> 
     </span>
     <span class='ocr_line' id='line_1_12' title="bbox 259 2118 1333 2206; baseline -0.003 -19"><span class='ocrx_word' id='word_1_79' title='bbox 259 2121 366 2187; x_wconf 85' lang='lat' dir='ltr'>dicam</span> <span class='ocrx_word' id='word_1_80' title='bbox 389 2141 497 2185; x_wconf 89' lang='lat' dir='ltr'>rerum</span> <span class='ocrx_word' id='word_1_81' title='bbox 525 2124 737 2185; x_wconf 88' lang='lat' dir='ltr'>tractatarum</span> <span class='ocrx_word' id='word_1_82' title='bbox 761 2119 889 2204; x_wconf 87' lang='lat' dir='ltr'>copiam</span> <span class='ocrx_word' id='word_1_83' title='bbox 913 2119 966 2203; x_wconf 81' lang='grc' dir='ltr'>(τὸ</span> <span class='ocrx_word' id='word_1_84' title='bbox 988 2118 1090 2206; x_wconf 83' lang='grc' dir='ltr'>πολύ)</span> <span class='ocrx_word' id='word_1_85' title='bbox 1115 2142 1212 2205; x_wconf 89' lang='lat' dir='ltr'>quarn</span> <span class='ocrx_word' id='word_1_86' title='bbox 1235 2121 1333 2185; x_wconf 86' lang='lat' dir='ltr'>nimis</span> 
     </span>
     <span class='ocr_line' id='line_1_13' title="bbox 260 2230 1334 2320; baseline 0 -20"><span class='ocrx_word' id='word_1_87' title='bbox 260 2235 350 2300; x_wconf 82' lang='lat' dir='ltr'>vafra</span> <span class='ocrx_word' id='word_1_88' title='bbox 372 2233 572 2300; x_wconf 88' lang='lat' dir='ltr'>inventionis</span> <span class='ocrx_word' id='word_1_89' title='bbox 596 2233 735 2298; x_wconf 87' lang='lat' dir='ltr'>artificia</span> <span class='ocrx_word' id='word_1_90' title='bbox 758 2231 809 2318; x_wconf 80' lang='grc' dir='ltr'>(τὸ</span> <span class='ocrx_word' id='word_1_91' title='bbox 830 2230 1047 2320; x_wconf 76' lang='grc' dir='ltr'>μηχανᾶσθαι)</span> <span class='ocrx_word' id='word_1_92' title='bbox 1065 2235 1250 2319; x_wconf 76' lang='lat' dir='ltr'>respexerit.</span> <span class='ocrx_word' id='word_1_93' title='bbox 1274 2235 1334 2300; x_wconf 94' lang='lat' dir='ltr'>Vi-</span> 
     </span>
     <span class='ocr_line' id='line_1_14' title="bbox 259 2335 1334 2435; baseline 0 -21"><span class='ocrx_word' id='word_1_94' title='bbox 259 2350 393 2414; x_wconf 89' lang='lat' dir='ltr'>deamus</span> <span class='ocrx_word' id='word_1_95' title='bbox 416 2348 519 2434; x_wconf 90' lang='lat' dir='ltr'>igitur</span> <span class='ocrx_word' id='word_1_96' title='bbox 542 2348 703 2435; x_wconf 90' lang='lat' dir='ltr'>quomodo</span> <span class='ocrx_word' id='word_1_97' title='bbox 720 2347 921 2413; x_wconf 89' lang='lat' dir='ltr'>abundantia</span> <span class='ocrx_word' id='word_1_98' title='bbox 935 2349 1091 2416; x_wconf 89' lang='lat' dir='ltr'>materiae</span> <span class='ocrx_word' id='word_1_99' title='bbox 1103 2335 1334 2435; x_wconf 79' lang='lat' dir='ltr'>vituperationi</span> 
     </span>
     <span class='ocr_line' id='line_1_15' title="bbox 257 2461 625 2548; baseline -0.005 -21"><span class='ocrx_word' id='word_1_100' title='bbox 257 2461 361 2548; x_wconf 88' lang='lat' dir='ltr'>possit</span> <span class='ocrx_word' id='word_1_101' title='bbox 384 2483 454 2526; x_wconf 90' lang='lat' dir='ltr'>esse</span> <span class='ocrx_word' id='word_1_102' title='bbox 477 2461 625 2527; x_wconf 89' lang='lat' dir='ltr'>obnoxia.</span> 
     </span>
    </p>

    <p class='ocr_par' dir='ltr' id='par_1_5' title="bbox 213 2573 1411 4589">
     <span class='ocr_line' id='line_1_16' title="bbox 303 2573 1332 2661; baseline 0.002 -22"><span class='ocrx_word' id='word_1_103' title='bbox 303 2575 372 2640; x_wconf 89' lang='lat' dir='ltr'>Lex</span> <span class='ocrx_word' id='word_1_104' title='bbox 406 2596 488 2660; x_wconf 89' lang='lat' dir='ltr'>quae</span> <span class='ocrx_word' id='word_1_105' title='bbox 518 2575 625 2661; x_wconf 90' lang='lat' dir='ltr'>poscit</span> <span class='ocrx_word' id='word_1_106' title='bbox 654 2575 690 2638; x_wconf 90' lang='lat' dir='ltr'>in</span> <span class='ocrx_word' id='word_1_107' title='bbox 714 2574 792 2639; x_wconf 89' lang='lat' dir='ltr'>artis</span> <span class='ocrx_word' id='word_1_108' title='bbox 816 2594 911 2659; x_wconf 89' lang='lat' dir='ltr'>opere</span> <span class='ocrx_word' id='word_1_109' title='bbox 934 2573 1095 2639; x_wconf 91' lang='lat' dir='ltr'>unitatem</span> <span class='ocrx_word' id='word_1_110' title='bbox 1118 2579 1152 2639; x_wconf 88' lang='lat' dir='ltr'>et</span> <span class='ocrx_word' id='word_1_111' title='bbox 1174 2575 1332 2661; x_wconf 90' lang='lat' dir='ltr'>simplici-</span> 
     </span>
     <span class='ocr_line' id='line_1_17' title="bbox 258 2685 1329 2773; baseline 0.001 -20"><span class='ocrx_word' id='word_1_112' title='bbox 258 2693 381 2772; x_wconf 86' lang='lat' dir='ltr'>tatem,</span> <span class='ocrx_word' id='word_1_113' title='bbox 417 2709 483 2752; x_wconf 90' lang='lat' dir='ltr'>non</span> <span class='ocrx_word' id='word_1_114' title='bbox 516 2687 702 2773; x_wconf 86' lang='lat' dir='ltr'>excogitata</span> <span class='ocrx_word' id='word_1_115' title='bbox 735 2695 786 2752; x_wconf 90' lang='lat' dir='ltr'>est</span> <span class='ocrx_word' id='word_1_116' title='bbox 808 2687 849 2751; x_wconf 92' lang='lat' dir='ltr'>ab</span> <span class='ocrx_word' id='word_1_117' title='bbox 875 2685 1055 2751; x_wconf 89' lang='lat' dir='ltr'>Aristotele</span> <span class='ocrx_word' id='word_1_118' title='bbox 1079 2687 1184 2753; x_wconf 88' lang='lat' dir='ltr'>aliove</span> <span class='ocrx_word' id='word_1_119' title='bbox 1207 2688 1329 2768; x_wconf 84' lang='lat' dir='ltr'>critico,</span> 
     </span>
     <span class='ocr_line' id='line_1_18' title="bbox 259 2800 1331 2888; baseline 0.003 -22"><span class='ocrx_word' id='word_1_120' title='bbox 259 2800 316 2866; x_wconf 89' lang='lat' dir='ltr'>sed</span> <span class='ocrx_word' id='word_1_121' title='bbox 346 2808 417 2868; x_wconf 92' lang='lat' dir='ltr'>orta</span> <span class='ocrx_word' id='word_1_122' title='bbox 448 2825 488 2868; x_wconf 88' lang='lat' dir='ltr'>ex</span> <span class='ocrx_word' id='word_1_123' title='bbox 522 2803 594 2888; x_wconf 85' lang='lat' dir='ltr'>ipsa</span> <span class='ocrx_word' id='word_1_124' title='bbox 625 2823 731 2867; x_wconf 89' lang='lat' dir='ltr'>rerum</span> <span class='ocrx_word' id='word_1_125' title='bbox 763 2806 888 2866; x_wconf 86' lang='lat' dir='ltr'>natura.</span> <span class='ocrx_word' id='word_1_126' title='bbox 938 2800 990 2865; x_wconf 91' lang='lat' dir='ltr'>Ita</span> <span class='ocrx_word' id='word_1_127' title='bbox 1012 2800 1184 2866; x_wconf 89' lang='lat' dir='ltr'>constituti</span> <span class='ocrx_word' id='word_1_128' title='bbox 1208 2825 1331 2887; x_wconf 90' lang='lat' dir='ltr'>sumus,</span> 
     </span>
     <span class='ocr_line' id='line_1_19' title="bbox 258 2915 1332 3000; baseline -0.001 -19"><span class='ocrx_word' id='word_1_129' title='bbox 258 2925 383 2982; x_wconf 92' lang='lat' dir='ltr'>utnon</span> <span class='ocrx_word' id='word_1_130' title='bbox 407 2917 488 2983; x_wconf 92' lang='lat' dir='ltr'>duas</span> <span class='ocrx_word' id='word_1_131' title='bbox 515 2939 565 2982; x_wconf 93' lang='lat' dir='ltr'>res</span> <span class='ocrx_word' id='word_1_132' title='bbox 589 2916 688 2982; x_wconf 90' lang='lat' dir='ltr'>simul</span> <span class='ocrx_word' id='word_1_133' title='bbox 711 2921 768 2981; x_wconf 90' lang='lat' dir='ltr'>aut</span> <span class='ocrx_word' id='word_1_134' title='bbox 791 2915 940 2980; x_wconf 88' lang='lat' dir='ltr'>sensibus</span> <span class='ocrx_word' id='word_1_135' title='bbox 963 2915 1127 3000; x_wconf 88' lang='lat' dir='ltr'>percipere</span> <span class='ocrx_word' id='word_1_136' title='bbox 1150 2917 1332 2981; x_wconf 86' lang='lat' dir='ltr'>autanimo</span> 
     </span>
     <span class='ocr_line' id='line_1_20' title="bbox 258 3029 1331 3118; baseline 0 -23"><span class='ocrx_word' id='word_1_137' title='bbox 258 3031 425 3096; x_wconf 91' lang='lat' dir='ltr'>attendere</span> <span class='ocrx_word' id='word_1_138' title='bbox 455 3031 627 3118; x_wconf 86' lang='lat' dir='ltr'>possimus.</span> <span class='ocrx_word' id='word_1_139' title='bbox 678 3029 713 3095; x_wconf 80' lang='lat' dir='ltr'>si</span> <span class='ocrx_word' id='word_1_140' title='bbox 743 3030 838 3114; x_wconf 90' lang='lat' dir='ltr'>plura</span> <span class='ocrx_word' id='word_1_141' title='bbox 870 3030 981 3094; x_wconf 90' lang='lat' dir='ltr'>eodem</span> <span class='ocrx_word' id='word_1_142' title='bbox 1007 3034 1150 3112; x_wconf 90' lang='lat' dir='ltr'>tempore</span> <span class='ocrx_word' id='word_1_143' title='bbox 1173 3035 1252 3095; x_wconf 88' lang='lat' dir='ltr'>sunt</span> <span class='ocrx_word' id='word_1_144' title='bbox 1275 3031 1331 3096; x_wconf 93' lang='lat' dir='ltr'>ob-</span> 
     </span>
     <span class='ocr_line' id='line_1_21' title="bbox 258 3139 1332 3228; baseline -0.001 -19"><span class='ocrx_word' id='word_1_145' title='bbox 258 3144 427 3228; x_wconf 89' lang='lat' dir='ltr'>servanda,</span> <span class='ocrx_word' id='word_1_146' title='bbox 451 3144 560 3228; x_wconf 84' lang='lat' dir='ltr'>imago</span> <span class='ocrx_word' id='word_1_147' title='bbox 583 3163 690 3207; x_wconf 88' lang='lat' dir='ltr'>rerum</span> <span class='ocrx_word' id='word_1_148' title='bbox 714 3162 749 3206; x_wconf 92' lang='lat' dir='ltr'>se</span> <span class='ocrx_word' id='word_1_149' title='bbox 772 3139 885 3206; x_wconf 85' lang='lat' dir='ltr'>offeret</span> <span class='ocrx_word' id='word_1_150' title='bbox 907 3139 1187 3206; x_wconf 67' lang='lat' dir='ltr'>minns&#39;distincta</span> <span class='ocrx_word' id='word_1_151' title='bbox 1198 3141 1332 3228; x_wconf 87' lang='lat' dir='ltr'>ideoque</span> 
     </span>
     <span class='ocr_line' id='line_1_22' title="bbox 258 3253 1333 3342; baseline -0.002 -18"><span class='ocrx_word' id='word_1_152' title='bbox 258 3257 362 3323; x_wconf 89' lang='lat' dir='ltr'>levius</span> <span class='ocrx_word' id='word_1_153' title='bbox 385 3253 535 3323; x_wconf 70' lang='lat' dir='ltr'>mentem‘</span> <span class='ocrx_word' id='word_1_154' title='bbox 553 3259 675 3340; x_wconf 90' lang='lat' dir='ltr'>tanget.</span> <span class='ocrx_word' id='word_1_155' title='bbox 703 3253 867 3320; x_wconf 81' lang='lat' dir='ltr'>Gallicum</span> <span class='ocrx_word' id='word_1_156' title='bbox 891 3253 1108 3338; x_wconf 91' lang='lat' dir='ltr'>proverbium,</span> <span class='ocrx_word' id='word_1_157' title='bbox 1132 3254 1218 3339; x_wconf 92' lang='lat' dir='ltr'>quod</span> <span class='ocrx_word' id='word_1_158' title='bbox 1233 3264 1333 3342; x_wconf 89' lang='lat' dir='ltr'>negat</span> 
     </span>
     <span class='ocr_line' id='line_1_23' title="bbox 258 3365 1331 3453; baseline -0.002 -16"><span class='ocrx_word' id='word_1_159' title='bbox 258 3377 290 3436; x_wconf 91' lang='lat' dir='ltr'>te</span> <span class='ocrx_word' id='word_1_160' title='bbox 311 3371 395 3437; x_wconf 89' lang='lat' dir='ltr'>bene</span> <span class='ocrx_word' id='word_1_161' title='bbox 418 3374 526 3436; x_wconf 91' lang='lat' dir='ltr'>tenere</span> <span class='ocrx_word' id='word_1_162' title='bbox 550 3389 632 3453; x_wconf 92' lang='lat' dir='ltr'>quae</span> <span class='ocrx_word' id='word_1_163' title='bbox 654 3365 757 3431; x_wconf 89' lang='lat' dir='ltr'>nimia</span> <span class='ocrx_word' id='word_1_164' title='bbox 780 3365 1022 3451; x_wconf 88' lang='lat' dir='ltr'>complectaris,</span> <span class='ocrx_word' id='word_1_165' title='bbox 1047 3388 1113 3432; x_wconf 90' lang='lat' dir='ltr'>non</span> <span class='ocrx_word' id='word_1_166' title='bbox 1134 3367 1175 3432; x_wconf 91' lang='lat' dir='ltr'>de</span> <span class='ocrx_word' id='word_1_167' title='bbox 1193 3367 1331 3436; x_wconf 87' lang='lat' dir='ltr'>brachiis</span> 
     </span>
     <span class='ocr_line' id='line_1_24' title="bbox 258 3475 1332 3565; baseline -0.001 -15"><span class='ocrx_word' id='word_1_168' title='bbox 258 3490 387 3550; x_wconf 89' lang='lat' dir='ltr'>tantum</span> <span class='ocrx_word' id='word_1_169' title='bbox 421 3482 525 3565; x_wconf 90' lang='lat' dir='ltr'>valet,</span> <span class='ocrx_word' id='word_1_170' title='bbox 558 3481 615 3546; x_wconf 92' lang='lat' dir='ltr'>sed</span> <span class='ocrx_word' id='word_1_171' title='bbox 638 3481 678 3546; x_wconf 91' lang='lat' dir='ltr'>de</span> <span class='ocrx_word' id='word_1_172' title='bbox 701 3479 810 3545; x_wconf 90' lang='lat' dir='ltr'>animo</span> <span class='ocrx_word' id='word_1_173' title='bbox 833 3477 976 3564; x_wconf 89' lang='lat' dir='ltr'>perinde.</span> <span class='ocrx_word' id='word_1_174' title='bbox 1028 3475 1117 3545; x_wconf 82' lang='lat' dir='ltr'>Hinc</span> <span class='ocrx_word' id='word_1_175' title='bbox 1139 3479 1178 3546; x_wconf 89' lang='lat' dir='ltr'>fit</span> <span class='ocrx_word' id='word_1_176' title='bbox 1201 3488 1239 3547; x_wconf 93' lang='lat' dir='ltr'>ut</span> <span class='ocrx_word' id='word_1_177' title='bbox 1262 3482 1332 3549; x_wconf 91' lang='lat' dir='ltr'>sine</span> 
     </span>
     <span class='ocr_line' id='line_1_25' title="bbox 258 3591 1332 3680; baseline -0.002 -16"><span class='ocrx_word' id='word_1_178' title='bbox 258 3598 404 3673; x_wconf 84' lang='lat' dir='ltr'>unitate,</span> <span class='ocrx_word' id='word_1_179' title='bbox 423 3597 510 3662; x_wconf 91' lang='lat' dir='ltr'>absit</span> <span class='ocrx_word' id='word_1_180' title='bbox 545 3592 764 3680; x_wconf 88' lang='lat' dir='ltr'>pulchritudo.</span> <span class='ocrx_word' id='word_1_181' title='bbox 812 3591 879 3657; x_wconf 90' lang='lat' dir='ltr'>Vos</span> <span class='ocrx_word' id='word_1_182' title='bbox 914 3597 1026 3676; x_wconf 88' lang='lat' dir='ltr'>testor,</span> <span class='ocrx_word' id='word_1_183' title='bbox 1062 3593 1142 3658; x_wconf 84' lang='lat' dir='ltr'>artis</span> <span class='ocrx_word' id='word_1_184' title='bbox 1177 3595 1332 3680; x_wconf 89' lang='lat' dir='ltr'>Apelleae</span> 
     </span>
     <span class='ocr_line' id='line_1_26' title="bbox 258 3704 1332 3792; baseline -0.004 -14"><span class='ocrx_word' id='word_1_185' title='bbox 258 3713 406 3778; x_wconf 88' lang='lat' dir='ltr'>cultores.</span> <span class='ocrx_word' id='word_1_186' title='bbox 455 3709 575 3774; x_wconf 88' lang='lat' dir='ltr'>Nonne</span> <span class='ocrx_word' id='word_1_187' title='bbox 607 3707 640 3770; x_wconf 92' lang='lat' dir='ltr'>in</span> <span class='ocrx_word' id='word_1_188' title='bbox 676 3706 821 3791; x_wconf 88' lang='lat' dir='ltr'>picturae</span> <span class='ocrx_word' id='word_1_189' title='bbox 845 3704 1080 3789; x_wconf 87' lang='lat' dir='ltr'>compositione</span> <span class='ocrx_word' id='word_1_190' title='bbox 1103 3706 1138 3771; x_wconf 93' lang='lat' dir='ltr'>id</span> <span class='ocrx_word' id='word_1_191' title='bbox 1160 3708 1270 3792; x_wconf 86' lang='lat' dir='ltr'>agitis,</span> <span class='ocrx_word' id='word_1_192' title='bbox 1295 3717 1332 3774; x_wconf 94' lang='lat' dir='ltr'>ut</span> 
     </span>
     <span class='ocr_line' id='line_1_27' title="bbox 228 3819 1329 3912; baseline -0.005 -20"><span class='ocrx_word' id='word_1_193' title='bbox 228 3864 229 3867; x_wconf 16' lang='grc' dir='ltr'><strong>κ</strong></span> <span class='ocrx_word' id='word_1_194' title='bbox 257 3849 323 3892; x_wconf 92' lang='lat' dir='ltr'>una</span> <span class='ocrx_word' id='word_1_195' title='bbox 345 3825 503 3912; x_wconf 89' lang='lat' dir='ltr'>quaedam</span> <span class='ocrx_word' id='word_1_196' title='bbox 526 3822 631 3907; x_wconf 84' lang='lat' dir='ltr'>figura</span> <span class='ocrx_word' id='word_1_197' title='bbox 653 3820 705 3885; x_wconf 86' lang='lat' dir='ltr'>vel</span> <span class='ocrx_word' id='word_1_198' title='bbox 727 3819 905 3906; x_wconf 90' lang='lat' dir='ltr'>figurarum</span> <span class='ocrx_word' id='word_1_199' title='bbox 929 3819 1075 3885; x_wconf 89' lang='lat' dir='ltr'>collectio</span> <span class='ocrx_word' id='word_1_200' title='bbox 1092 3820 1226 3886; x_wconf 88' lang='lat' dir='ltr'>caeteris</span> <span class='ocrx_word' id='word_1_201' title='bbox 1237 3843 1329 3906; x_wconf 90' lang='lat' dir='ltr'>prae-</span> 
     </span>
     <span class='ocr_line' id='line_1_28' title="bbox 213 3932 1329 4022; baseline -0.005 -18"><span class='ocrx_word' id='word_1_202' title='bbox 213 3983 216 3992; x_wconf 85' lang='lat'>·</span> <span class='ocrx_word' id='word_1_203' title='bbox 257 3940 381 4004; x_wconf 91' lang='lat' dir='ltr'>mineat</span> <span class='ocrx_word' id='word_1_204' title='bbox 404 3947 436 4002; x_wconf 91' lang='lat' dir='ltr'>et</span> <span class='ocrx_word' id='word_1_205' title='bbox 459 3936 552 4022; x_wconf 92' lang='lat' dir='ltr'>quasi</span> <span class='ocrx_word' id='word_1_206' title='bbox 576 3933 771 4014; x_wconf 90' lang='lat' dir='ltr'>dominetur,</span> <span class='ocrx_word' id='word_1_207' title='bbox 796 3933 843 3996; x_wconf 89' lang='lat' dir='ltr'>ita</span> <span class='ocrx_word' id='word_1_208' title='bbox 866 3938 903 3997; x_wconf 94' lang='lat' dir='ltr'>ut</span> <span class='ocrx_word' id='word_1_209' title='bbox 925 3932 1030 4016; x_wconf 91' lang='lat' dir='ltr'>primo</span> <span class='ocrx_word' id='word_1_210' title='bbox 1054 3954 1087 3997; x_wconf 91' lang='lat' dir='ltr'>se</span> <span class='ocrx_word' id='word_1_211' title='bbox 1118 3932 1234 3997; x_wconf 90' lang='lat' dir='ltr'>obtutu</span> <span class='ocrx_word' id='word_1_212' title='bbox 1258 3955 1329 4019; x_wconf 91' lang='lat' dir='ltr'>spe-</span> 
     </span>
     <span class='ocr_line' id='line_1_29' title="bbox 257 4045 1329 4130; baseline -0.007 -12"><span class='ocrx_word' id='word_1_213' title='bbox 257 4051 417 4118; x_wconf 89' lang='lat' dir='ltr'>ctantium</span> <span class='ocrx_word' id='word_1_214' title='bbox 452 4048 553 4115; x_wconf 92' lang='lat' dir='ltr'>oculis</span> <span class='ocrx_word' id='word_1_215' title='bbox 586 4047 718 4122; x_wconf 83' lang='lat' dir='ltr'>offerat?</span> <span class='ocrx_word' id='word_1_216' title='bbox 765 4046 885 4130; x_wconf 79' lang='lat' dir='ltr'>Ecquis</span> <span class='ocrx_word' id='word_1_217' title='bbox 921 4051 1065 4110; x_wconf 88' lang='lat' dir='ltr'>vestrum</span> <span class='ocrx_word' id='word_1_218' title='bbox 1099 4045 1214 4130; x_wconf 86' lang='lat' dir='ltr'>pinget</span> <span class='ocrx_word' id='word_1_219' title='bbox 1236 4045 1329 4111; x_wconf 87' lang='lat' dir='ltr'>binas</span> 
     </span>
     <span class='ocr_line' id='line_1_30' title="bbox 257 4159 1330 4250; baseline -0.008 -18"><span class='ocrx_word' id='word_1_220' title='bbox 257 4167 384 4232; x_wconf 86' lang='lat' dir='ltr'>arbores</span> <span class='ocrx_word' id='word_1_221' title='bbox 420 4186 519 4250; x_wconf 90' lang='lat' dir='ltr'>aeque</span> <span class='ocrx_word' id='word_1_222' title='bbox 549 4184 712 4248; x_wconf 89' lang='lat' dir='ltr'>proceras,</span> <span class='ocrx_word' id='word_1_223' title='bbox 746 4161 881 4226; x_wconf 90' lang='lat' dir='ltr'>alteram</span> <span class='ocrx_word' id='word_1_224' title='bbox 914 4183 933 4223; x_wconf 89' lang='lat' dir='ltr'>a</span> <span class='ocrx_word' id='word_1_225' title='bbox 967 4159 1097 4242; x_wconf 85' lang='lat' dir='ltr'>dextra,</span> <span class='ocrx_word' id='word_1_226' title='bbox 1137 4159 1273 4224; x_wconf 91' lang='lat' dir='ltr'>alteram</span> <span class='ocrx_word' id='word_1_227' title='bbox 1311 4184 1330 4223; x_wconf 89' lang='lat' dir='ltr'>a</span> 
     </span>
     <span class='ocr_line' id='line_1_31' title="bbox 257 4254 1328 4362; baseline -0.005 -17"><span class='ocrx_word' id='word_1_228' title='bbox 257 4281 406 4361; x_wconf 87' lang='lat' dir='ltr'>sinistra,</span> <span class='ocrx_word' id='word_1_229' title='bbox 432 4284 489 4344; x_wconf 92' lang='lat' dir='ltr'>aut</span> <span class='ocrx_word' id='word_1_230' title='bbox 511 4254 628 4362; x_wconf 85' lang='lat' dir='ltr'>longae</span> <span class='ocrx_word' id='word_1_231' title='bbox 650 4277 777 4360; x_wconf 90' lang='lat' dir='ltr'>plateae</span> <span class='ocrx_word' id='word_1_232' title='bbox 802 4274 864 4339; x_wconf 88' lang='lat' dir='ltr'>sibi</span> <span class='ocrx_word' id='word_1_233' title='bbox 888 4295 999 4338; x_wconf 88' lang='lat' dir='ltr'>omnes</span> <span class='ocrx_word' id='word_1_234' title='bbox 1024 4273 1136 4338; x_wconf 72' lang='lat' dir='ltr'>domos</span> <span class='ocrx_word' id='word_1_235' title='bbox 1161 4274 1328 4340; x_wconf 89' lang='lat' dir='ltr'>delinean-</span> 
     </span>
     <span class='ocr_line' id='line_1_32' title="bbox 243 4386 1328 4478; baseline -0.003 -23"><span class='ocrx_word' id='word_1_236' title='bbox 243 4395 314 4460; x_wconf 89' lang='lat' dir='ltr'>.das</span> <span class='ocrx_word' id='word_1_237' title='bbox 337 4393 455 4478; x_wconf 87' lang='lat' dir='ltr'>eliget?</span> <span class='ocrx_word' id='word_1_238' title='bbox 504 4392 609 4456; x_wconf 89' lang='lat' dir='ltr'>Immo</span> <span class='ocrx_word' id='word_1_239' title='bbox 633 4390 667 4454; x_wconf 91' lang='lat' dir='ltr'>in</span> <span class='ocrx_word' id='word_1_240' title='bbox 692 4387 850 4454; x_wconf 89' lang='lat' dir='ltr'>anteriore</span> <span class='ocrx_word' id='word_1_241' title='bbox 873 4386 1002 4452; x_wconf 89' lang='lat' dir='ltr'>tabulae</span> <span class='ocrx_word' id='word_1_242' title='bbox 1025 4394 1117 4471; x_wconf 89' lang='lat' dir='ltr'>parte</span> <span class='ocrx_word' id='word_1_243' title='bbox 1139 4394 1328 4474; x_wconf 89' lang='lat' dir='ltr'>paucatan-</span> 
     </span>
     <span class='ocr_line' id='line_1_33' title="bbox 257 4499 1411 4589; baseline -0.007 -16"><span class='ocrx_word' id='word_1_244' title='bbox 257 4514 346 4589; x_wconf 88' lang='lat' dir='ltr'>tum,</span> <span class='ocrx_word' id='word_1_245' title='bbox 371 4506 428 4571; x_wconf 88' lang='lat' dir='ltr'>sed</span> <span class='ocrx_word' id='word_1_246' title='bbox 451 4529 488 4571; x_wconf 87' lang='lat' dir='ltr'>ea</span> <span class='ocrx_word' id='word_1_247' title='bbox 511 4505 638 4587; x_wconf 90' lang='lat' dir='ltr'>vivida,</span> <span class='ocrx_word' id='word_1_248' title='bbox 664 4502 827 4568; x_wconf 90' lang='lat' dir='ltr'>elaborata</span> <span class='ocrx_word' id='word_1_249' title='bbox 850 4505 884 4564; x_wconf 91' lang='lat' dir='ltr'>et</span> <span class='ocrx_word' id='word_1_250' title='bbox 907 4499 993 4565; x_wconf 90' lang='lat' dir='ltr'>inter</span> <span class='ocrx_word' id='word_1_251' title='bbox 1016 4522 1050 4564; x_wconf 87' lang='lat' dir='ltr'>se</span> <span class='ocrx_word' id='word_1_252' title='bbox 1068 4499 1184 4584; x_wconf 86' lang='lat' dir='ltr'>juncta</span> <span class='ocrx_word' id='word_1_253' title='bbox 1197 4503 1326 4587; x_wconf 88' lang='lat' dir='ltr'>conspi-</span> <span class='ocrx_word' id='word_1_254' title='bbox 1408 4570 1411 4577; x_wconf 63' lang='grc'><strong>,</strong></span> 
     </span>
    </p>
   </div>
   <div class='ocr_carea' id='block_1_5' title="bbox 0 0 1634 5328">
    <p class='ocr_par' dir='ltr' id='par_1_6' title="bbox 0 0 1634 5328">
     <span class='ocr_line' id='line_1_34' title="bbox 0 0 1634 5328; baseline 0 0"><span class='ocrx_word' id='word_1_255' title='bbox 0 0 1634 5328; x_wconf 95' lang='lat' dir='ltr'> </span> 
     </span>
    </p>
   </div>
  </div>
 </body>
</html>
