3284 5338
400 539 428 552 ar
450 537 714 552 ammata-Mu
724 537 756 550 ιι.
771 537 826 548 nro·-
876 535 1064 550 tem-emaum
1075 530 1392 548 mmmm

634 961 806 1040 CAPUT
834 962 1103 1039 ULTIMUM.

741 1157 959 1172 mm

379 1293 573 1380 Priusquam
607 1313 699 1358 meae
722 1291 891 1377 scriptioni
914 1292 1012 1358 finem
1036 1292 1174 1376 faciam,
1198 1313 1312 1378 operae
1335 1313 1408 1377 pre-

336 1407 419 1473 tium
453 1405 580 1472 ridetur
603 1405 742 1470 breviter
767 1424 945 1490 exponere,
969 1427 1051 1491 quae
1074 1405 1217 1472 virorum
1240 1406 1408 1471 doctorum

335 1519 375 1585 de
398 1517 606 1600 criminibus,
630 1517 671 1582 ab
694 1516 913 1601 Aristophane
936 1517 1108 1584 intentatis
1124 1519 1294 1605 Euripidi,
1311 1516 1409 1584 variis

337 1629 536 1717 temporibus
568 1628 691 1694 fuerint
722 1627 900 1714 opiniones.
950 1630 1037 1696 Huic
1074 1632 1218 1716 profecto
1250 1652 1316 1696 non
1349 1649 1411 1694 usu

337 1742 428 1810 venit
460 1750 499 1807 ut
526 1740 647 1827 posteri
670 1741 823 1828 exiguam
846 1741 915 1827 ejus
939 1742 1005 1808 odii
1028 1744 1148 1829 poetici
1170 1744 1331 1809 rationem
1353 1742 1411 1807 ha·

337 1859 467 1934 berent3
505 1855 661 1940 permulti
702 1855 790 1920 enim
823 1863 902 1922 suut
936 1856 1011 1922 libri
1049 1857 1180 1944 majoris
1214 1855 1413 1941 minorisque

338 1970 434 2036 molis
469 1975 503 2034 et
536 1967 709 2050 momenti,
745 1967 813 2032 sive
846 1969 886 2032 de
919 1969 979 2034 hac
1008 1970 1143 2036 materie
1167 1970 1203 2034 in
1227 1969 1413 2035 universum
1443 1953 1444 1956 ¹

340 2084 408 2150 sive
431 2084 471 2149 de
494 2081 604 2167 aliqua
626 2079 694 2165 ejus
717 2087 809 2166 parte
832 2080 883 2146 rel
907 2082 1006 2146 etiam
1019 2081 1242 2149 minutissima
1256 2079 1414 2167 particula

342 2201 485 2284 agentes.
513 2195 599 2264 Mihi
608 2218 683 2262 vero
696 2197 724 2263 si
740 2197 849 2262 omnia
861 2219 899 2262 ea
911 2198 1031 2283 scripta
1043 2200 1094 2266 vel
1107 2198 1303 2284 inspiciendi
1311 2195 1414 2262 facul-

341 2315 391 2376 tas
415 2309 467 2376 rel
489 2310 677 2396 perlegendi
700 2311 903 2397 contingeret
919 2312 1040 2394 otium,
1063 2333 1130 2377 non
1148 2332 1239 2376 meae
1257 2315 1343 2376 esset
1359 2314 1415 2374 ant

342 2422 458 2488 aetatis
481 2429 539 2488 aut
560 2423 743 2509 imperitiae
763 2429 812 2489 tot
829 2422 1067 2490 lucubrationes
1086 2423 1228 2489 virorum
1249 2422 1415 2487 doctorum

343 2537 405 2603 rite
439 2543 588 2603 excutere
622 2559 795 2624 eorumque
830 2538 1008 2603 sententias
1043 2537 1085 2601 ad
1110 2536 1253 2622 lapidem
1276 2534 1415 2618 Lydium
1481 2597 1483 2602 .

344 2651 530 2736 explorare3
561 2656 726 2738 praeterea
749 2651 897 2716 timerem
921 2673 962 2716 ne
985 2650 1014 2716 si
1037 2671 1135 2736 quam
1160 2649 1199 2714 de
1221 2668 1293 2713 meo
1317 2647 1417 2711 habeo

343 2763 548 2850 opinionem,
572 2786 610 2830 ea
632 2764 694 2830 sub
717 2768 809 2829 tanto
832 2763 957 2830 alienae
974 2763 1168 2829 emditionis
1186 2759 1417 2844 monteoppri·

345 2882 505 2958 merctur3
529 2877 582 2944 hic
604 2876 693 2944 enim
716 2877 745 2942 si
768 2899 905 2963 usquam
930 2875 1016 2942 valet
1038 2876 1185 2962 querela,
1205 2896 1302 2961 quam
1317 2874 1418 2938 Bem-

346 2991 497 3075 hardius,
529 3013 595 3058 non
628 2991 738 3077 segnis
770 2997 878 3056 tamen
904 2989 1059 3056 librorum
1083 3010 1156 3055 cnm
1180 2994 1325 3054 veterum
1349 2994 1418 3052 tum

346 3104 561 3176 recentiorum
594 3111 774 3189 scrutator,
809 3102 978 3189 praemisit
1008 3103 1127 3168 ultimo
1153 3099 1312 3167 volumini
1345 3121 1422 3166 suae

349 3217 503 3284 historiae
536 3216 697 3282 literariae
721 3215 812 3302 (edit.
839 3216 893 3301 3):
917 3218 1041 3301 “quum
1066 3219 1163 3278 antea
1186 3211 1356 3278 mediocris
1381 3210 1421 3276 li-

351 3333 506 3396 “brorum
530 3329 623 3416 copia
645 3328 824 3412 sufficeret,
849 3350 935 3393 nunc
959 3327 1080 3413 scripta
1100 3327 1140 3392 de
1163 3325 1356 3411 specialibus
1371 3345 1422 3388 ar-

351 3443 580 3528 “chaeologiae
594 3442 741 3528 partibus
758 3465 792 3508 se
808 3442 1015 3508 cumularunt
1030 3447 1064 3506 et
1078 3441 1112 3505 in
1129 3441 1198 3506 dies
1215 3461 1249 3505 se
1259 3439 1423 3505 cumulare

355 3561 533 3642 “pergunt3
559 3555 615 3622 sed
636 3557 732 3642 pauci
755 3562 850 3621 erunt
872 3555 929 3642 qui
953 3555 1053 3621 tantis
1077 3554 1201 3621 divitiis
1225 3575 1298 3619 vere
1313 3552 1378 3617 frui
1392 3559 1425 3616 et

355 3671 519 3758 “gaudere
540 3670 700 3758 possint.”
732 3671 846 3757 Neque
868 3692 942 3736 eum
965 3676 1084 3736 temere
1106 3671 1154 3734 ita
1177 3669 1266 3755 queri
1292 3671 1427 3752 apparet

354 3807 394 3852 ex
418 3807 536 3872 magno
559 3804 693 3850 numero
716 3783 872 3849 librorum
895 3804 975 3869 quos
999 3782 1079 3848 citat
1101 3781 1135 3848 iu
1160 3781 1336 3847 tractandis
1358 3782 1425 3847 sin·

356 3896 443 3983 gulis
473 3898 737 3985 quaestionibus,
768 3918 924 3982 perquam
948 3918 1043 3981 saepe
1066 3895 1218 3961 tenuibus
1241 3900 1275 3960 et
1298 3901 1427 3960 tautum

357 4035 420 4076 non
456 4013 546 4077 omni
579 4011 739 4098 gravitate
770 4010 969 4093 carentibus,
995 4032 1095 4096 quum
1118 4008 1309 4096 praesertim
1332 4008 1431 4092 longe

357 4126 456 4191 etiam
479 4126 588 4211 plures
612 4124 742 4191 silentio
766 4124 930 4189 transierit
947 4127 966 4187 ¹.

392 4313 484 4365 ¹Scite
508 4316 582 4366 etiam
606 4315 720 4366 Dindorf.
746 4314 841 4378 proleg.
866 4315 936 4364 Poet.
962 4314 1055 4363 Scenie.
1081 4328 1138 4377 pag.
1164 4314 1204 4361 lt:
1230 4311 1359 4362 “infinitae
1374 4319 1431 4361 sunt

359 4404 538 4454 “recentiorum
637 4404 813 4469 disputationes
830 4413 855 4452 et
871 4402 998 4466 opiniones
1006 4403 1198 4461 diversissimae,
1215 4402 1305 4466 quibus
1315 4401 1434 4451 omnibus

357 4493 526 4558 “perlegendis
543 4494 584 4557 qui
600 4495 630 4543 ud
646 4494 726 4542 studia
743 4493 878 4556 Sophoclea
897 4492 1019 4554 [dicamus
1041 4493 1122 4542 studia
1130 4493 1235 4554 scenica]
1245 4506 1394 4556 praeparare
1404 4506 1433 4540 se
