<?xml version="1.0" encoding="UTF-8"?>
<!DOCTYPE html PUBLIC "-//W3C//DTD XHTML 1.0 Transitional//EN"
    "http://www.w3.org/TR/xhtml1/DTD/xhtml1-transitional.dtd">
<html xmlns="http://www.w3.org/1999/xhtml" xml:lang="en" lang="en">
 <head>
  <title>
</title>
<meta http-equiv="Content-Type" content="text/html;charset=utf-8" />
  <meta name='ocr-system' content='tesseract 3.04.00' />
  <meta name='ocr-capabilities' content='ocr_page ocr_carea ocr_par ocr_line ocrx_word'/>
</head>
<body>
  <div class='ocr_page' id='page_1' title='image "./specimenliterar00leeugoog_0095.png"; bbox 0 0 3284 5338; ppageno 0'>
   <div class='ocr_carea' id='block_1_1' title="bbox 845 457 884 518">
    <p class='ocr_par' dir='ltr' id='par_1_1' title="bbox 845 457 884 518">
     <span class='ocr_line' id='line_1_1' title="bbox 845 457 884 518; baseline -0.051 0"><span class='ocrx_word' id='word_1_1' title='bbox 845 457 884 518; x_wconf 80' lang='lat'>82</span> 
     </span>
    </p>
   </div>
   <div class='ocr_carea' id='block_1_2' title="bbox 328 635 1413 2642">
    <p class='ocr_par' dir='ltr' id='par_1_2' title="bbox 328 635 1411 1608">
     <span class='ocr_line' id='line_1_2' title="bbox 329 635 1409 720; baseline -0.006 -11"><span class='ocrx_word' id='word_1_2' title='bbox 329 643 383 710; x_wconf 87' lang='lat' dir='ltr'>Sic</span> <span class='ocrx_word' id='word_1_3' title='bbox 404 638 540 706; x_wconf 81' lang='lat' dir='ltr'>Penthei</span> <span class='ocrx_word' id='word_1_4' title='bbox 557 637 654 713; x_wconf 75' lang='grc' dir='ltr'>πένθη</span> <span class='ocrx_word' id='word_1_5' title='bbox 670 643 965 703; x_wconf 82' lang='lat' dir='ltr'>commemorantur</span> <span class='ocrx_word' id='word_1_6' title='bbox 976 647 998 718; x_wconf 87' lang='lat'>¹,</span> <span class='ocrx_word' id='word_1_7' title='bbox 1011 635 1045 699; x_wconf 92' lang='lat' dir='ltr'>in</span> <span class='ocrx_word' id='word_1_8' title='bbox 1058 635 1257 720; x_wconf 74' lang='lat' dir='ltr'>Aphrodites</span> <span class='ocrx_word' id='word_1_9' title='bbox 1271 638 1409 702; x_wconf 86' lang='lat' dir='ltr'>nomine</span> 
     </span>
     <span class='ocr_line' id='line_1_3' title="bbox 328 746 1409 840; baseline -0.005 -20"><span class='ocrx_word' id='word_1_10' title='bbox 328 753 501 840; x_wconf 82' lang='lat' dir='ltr'>respicitur</span> <span class='ocrx_word' id='word_1_11' title='bbox 525 750 566 816; x_wconf 88' lang='lat' dir='ltr'>ad</span> <span class='ocrx_word' id='word_1_12' title='bbox 588 750 773 838; x_wconf 75' lang='grc' dir='ltr'>ἀφροσύνην</span> <span class='ocrx_word' id='word_1_13' title='bbox 787 756 812 833; x_wconf 75' lang='lat'>³,</span> <span class='ocrx_word' id='word_1_14' title='bbox 843 755 875 813; x_wconf 91' lang='lat' dir='ltr'>et</span> <span class='ocrx_word' id='word_1_15' title='bbox 899 747 938 813; x_wconf 89' lang='lat' dir='ltr'>de</span> <span class='ocrx_word' id='word_1_16' title='bbox 964 746 1092 813; x_wconf 88' lang='lat' dir='ltr'>Helena</span> <span class='ocrx_word' id='word_1_17' title='bbox 1114 747 1252 814; x_wconf 83' lang='lat' dir='ltr'>dicitur:</span> <span class='ocrx_word' id='word_1_18' title='bbox 1278 753 1409 826; x_wconf 79' lang='grc' dir='ltr'>Ζηνὸς</span> 
     </span>
     <span class='ocr_line' id='line_1_4' title="bbox 329 860 1411 950; baseline -0.007 -16"><span class='ocrx_word' id='word_1_19' title='bbox 329 869 428 938; x_wconf 77' lang='grc' dir='ltr'>οὖσαν</span> <span class='ocrx_word' id='word_1_20' title='bbox 449 866 520 942; x_wconf 77' lang='grc' dir='ltr'>ζῆν</span> <span class='ocrx_word' id='word_1_21' title='bbox 544 891 593 930; x_wconf 88' lang='grc' dir='ltr'>νιν</span> <span class='ocrx_word' id='word_1_22' title='bbox 615 860 746 950; x_wconf 75' lang='grc' dir='ltr'>ἄφθιτον</span> <span class='ocrx_word' id='word_1_23' title='bbox 768 864 873 950; x_wconf 79' lang='grc' dir='ltr'>χρεών</span> <span class='ocrx_word' id='word_1_24' title='bbox 888 867 910 925; x_wconf 82' lang='lat'>³.</span> <span class='ocrx_word' id='word_1_25' title='bbox 939 861 1053 927; x_wconf 88' lang='lat' dir='ltr'>Unum</span> <span class='ocrx_word' id='word_1_26' title='bbox 1071 862 1172 927; x_wconf 82' lang='lat' dir='ltr'>etiam</span> <span class='ocrx_word' id='word_1_27' title='bbox 1186 862 1238 928; x_wconf 83' lang='lat' dir='ltr'>hic</span> <span class='ocrx_word' id='word_1_28' title='bbox 1250 863 1411 928; x_wconf 78' lang='lat' dir='ltr'>referatur</span> 
     </span>
     <span class='ocr_line' id='line_1_5' title="bbox 329 974 1409 1064; baseline -0.008 -18"><span class='ocrx_word' id='word_1_29' title='bbox 329 978 515 1064; x_wconf 86' lang='lat' dir='ltr'>exemplum</span> <span class='ocrx_word' id='word_1_30' title='bbox 538 976 743 1060; x_wconf 77' lang='lat' dir='ltr'>importunae</span> <span class='ocrx_word' id='word_1_31' title='bbox 765 974 959 1058; x_wconf 87' lang='lat' dir='ltr'>dicacitatis,</span> <span class='ocrx_word' id='word_1_32' title='bbox 977 996 995 1040; x_wconf 90' lang='lat' dir='ltr'>e</span> <span class='ocrx_word' id='word_1_33' title='bbox 1019 975 1145 1040; x_wconf 78' lang='lat' dir='ltr'>Tironis</span> <span class='ocrx_word' id='word_1_34' title='bbox 1174 976 1317 1061; x_wconf 85' lang='lat' dir='ltr'>quadam</span> <span class='ocrx_word' id='word_1_35' title='bbox 1337 975 1409 1060; x_wconf 88' lang='lat' dir='ltr'>epi·</span> 
     </span>
     <span class='ocr_line' id='line_1_6' title="bbox 331 1087 1407 1176; baseline -0.002 -20"><span class='ocrx_word' id='word_1_36' title='bbox 331 1091 415 1156; x_wconf 84' lang='lat' dir='ltr'>stola</span> <span class='ocrx_word' id='word_1_37' title='bbox 442 1090 530 1176; x_wconf 86' lang='lat' dir='ltr'>apud</span> <span class='ocrx_word' id='word_1_38' title='bbox 554 1087 700 1156; x_wconf 82' lang='lat' dir='ltr'>Gellium</span> <span class='ocrx_word' id='word_1_39' title='bbox 725 1087 811 1153; x_wconf 83' lang='lat' dir='ltr'>VII:</span> <span class='ocrx_word' id='word_1_40' title='bbox 837 1091 857 1153; x_wconf 85' lang='lat'><strong>3</strong></span> <span class='ocrx_word' id='word_1_41' title='bbox 881 1095 1060 1154; x_wconf 85' lang='lat' dir='ltr'>servatum:</span> <span class='ocrx_word' id='word_1_42' title='bbox 1094 1089 1218 1155; x_wconf 89' lang='lat' dir='ltr'>“Recte</span> <span class='ocrx_word' id='word_1_43' title='bbox 1240 1090 1301 1156; x_wconf 87' lang='lat' dir='ltr'>hoc</span> <span class='ocrx_word' id='word_1_44' title='bbox 1325 1090 1407 1154; x_wconf 87' lang='lat' dir='ltr'>vitio</span> 
     </span>
     <span class='ocr_line' id='line_1_7' title="bbox 332 1201 1408 1290; baseline 0 -22"><span class='ocrx_word' id='word_1_45' title='bbox 332 1202 388 1269; x_wconf 86' lang='lat' dir='ltr'>dat</span> <span class='ocrx_word' id='word_1_46' title='bbox 413 1203 558 1270; x_wconf 82' lang='lat' dir='ltr'>Lucilius</span> <span class='ocrx_word' id='word_1_47' title='bbox 582 1207 696 1287; x_wconf 85' lang='lat' dir='ltr'>poetae</span> <span class='ocrx_word' id='word_1_48' title='bbox 719 1201 908 1289; x_wconf 80' lang='lat' dir='ltr'>Euripidae,</span> <span class='ocrx_word' id='word_1_49' title='bbox 925 1203 1012 1290; x_wconf 90' lang='lat' dir='ltr'>qnod</span> <span class='ocrx_word' id='word_1_50' title='bbox 1027 1223 1102 1276; x_wconf 85' lang='lat' dir='ltr'>cnm</span> <span class='ocrx_word' id='word_1_51' title='bbox 1118 1203 1341 1289; x_wconf 89' lang='lat' dir='ltr'>Polyphonte</span> <span class='ocrx_word' id='word_1_52' title='bbox 1352 1226 1408 1269; x_wconf 88' lang='lat' dir='ltr'>rex</span> 
     </span>
     <span class='ocr_line' id='line_1_8' title="bbox 330 1315 1408 1405; baseline 0 -23"><span class='ocrx_word' id='word_1_53' title='bbox 330 1325 500 1403; x_wconf 90' lang='lat' dir='ltr'>propterea</span> <span class='ocrx_word' id='word_1_54' title='bbox 523 1338 558 1382; x_wconf 90' lang='lat' dir='ltr'>se</span> <span class='ocrx_word' id='word_1_55' title='bbox 588 1315 787 1382; x_wconf 82' lang='lat' dir='ltr'>interfecisse</span> <span class='ocrx_word' id='word_1_56' title='bbox 810 1317 944 1382; x_wconf 86' lang='lat' dir='ltr'>fratrem</span> <span class='ocrx_word' id='word_1_57' title='bbox 971 1315 1240 1405; x_wconf 83' lang='lat' dir='ltr'>[Cresphontem]</span> <span class='ocrx_word' id='word_1_58' title='bbox 1267 1316 1408 1399; x_wconf 87' lang='lat' dir='ltr'>diceret,</span> 
     </span>
     <span class='ocr_line' id='line_1_9' title="bbox 332 1428 1409 1515; baseline 0.002 -21"><span class='ocrx_word' id='word_1_59' title='bbox 332 1429 418 1514; x_wconf 89' lang='lat' dir='ltr'>quod</span> <span class='ocrx_word' id='word_1_60' title='bbox 441 1429 512 1514; x_wconf 81' lang='lat' dir='ltr'>ipse</span> <span class='ocrx_word' id='word_1_61' title='bbox 535 1435 612 1494; x_wconf 91' lang='lat' dir='ltr'>ante</span> <span class='ocrx_word' id='word_1_62' title='bbox 635 1428 675 1493; x_wconf 89' lang='lat' dir='ltr'>de</span> <span class='ocrx_word' id='word_1_63' title='bbox 697 1450 775 1494; x_wconf 88' lang='lat' dir='ltr'>nece</span> <span class='ocrx_word' id='word_1_64' title='bbox 798 1429 867 1514; x_wconf 90' lang='lat' dir='ltr'>ejus</span> <span class='ocrx_word' id='word_1_65' title='bbox 889 1429 1064 1496; x_wconf 93' lang='lat' dir='ltr'>consilinm</span> <span class='ocrx_word' id='word_1_66' title='bbox 1087 1431 1245 1515; x_wconf 85' lang='lat' dir='ltr'>cepisset,</span> <span class='ocrx_word' id='word_1_67' title='bbox 1275 1431 1409 1515; x_wconf 84' lang='lat' dir='ltr'>Meropa</span> 
     </span>
     <span class='ocr_line' id='line_1_10' title="bbox 332 1540 1166 1608; baseline 0 -2"><span class='ocrx_word' id='word_1_68' title='bbox 332 1541 441 1606; x_wconf 85' lang='lat' dir='ltr'>fratris</span> <span class='ocrx_word' id='word_1_69' title='bbox 465 1561 548 1606; x_wconf 86' lang='lat' dir='ltr'>uxor</span> <span class='ocrx_word' id='word_1_70' title='bbox 569 1540 659 1606; x_wconf 90' lang='lat' dir='ltr'>hisce</span> <span class='ocrx_word' id='word_1_71' title='bbox 682 1541 761 1606; x_wconf 87' lang='lat' dir='ltr'>adeo</span> <span class='ocrx_word' id='word_1_72' title='bbox 783 1563 857 1606; x_wconf 92' lang='lat' dir='ltr'>enm</span> <span class='ocrx_word' id='word_1_73' title='bbox 883 1543 987 1607; x_wconf 87' lang='lat' dir='ltr'>verbis</span> <span class='ocrx_word' id='word_1_74' title='bbox 1012 1541 1166 1608; x_wconf 87' lang='lat' dir='ltr'>eluserit:</span> 
     </span>
    </p>

    <p class='ocr_par' dir='ltr' id='par_1_3' title="bbox 451 1668 1268 1757">
     <span class='ocr_line' id='line_1_11' title="bbox 451 1668 1268 1757; baseline 0.004 -24"><span class='ocrx_word' id='word_1_75' title='bbox 451 1673 474 1734; x_wconf 80' lang='lat' dir='ltr'>si</span> <span class='ocrx_word' id='word_1_76' title='bbox 495 1670 559 1754; x_wconf 78' lang='grc' dir='ltr'>γάρ</span> <span class='ocrx_word' id='word_1_77' title='bbox 581 1669 609 1734; x_wconf 76' lang='grc' dir='ltr'>σ’</span> <span class='ocrx_word' id='word_1_78' title='bbox 630 1668 769 1751; x_wconf 74' lang='grc' dir='ltr'>ἔμελλεν,</span> <span class='ocrx_word' id='word_1_79' title='bbox 792 1672 837 1745; x_wconf 81' lang='grc' dir='ltr'>ὡς</span> <span class='ocrx_word' id='word_1_80' title='bbox 859 1673 897 1734; x_wconf 82' lang='grc' dir='ltr'>σὺ</span> <span class='ocrx_word' id='word_1_81' title='bbox 920 1673 992 1757; x_wconf 81' lang='grc' dir='ltr'><strong><em>φής,</em></strong></span> <span class='ocrx_word' id='word_1_82' title='bbox 1015 1675 1141 1737; x_wconf 77' lang='grc' dir='ltr'>κτείνειν</span> <span class='ocrx_word' id='word_1_83' title='bbox 1163 1673 1268 1747; x_wconf 82' lang='grc' dir='ltr'>πόσις,</span> 
     </span>
    </p>

    <p class='ocr_par' dir='ltr' id='par_1_4' title="bbox 454 1774 1320 1863">
     <span class='ocr_line' id='line_1_12' title="bbox 454 1774 1320 1863; baseline 0.005 -25"><span class='ocrx_word' id='word_1_84' title='bbox 454 1785 536 1860; x_wconf 82' lang='grc' dir='ltr'>χρῆν</span> <span class='ocrx_word' id='word_1_85' title='bbox 557 1779 605 1840; x_wconf 78' lang='grc' dir='ltr'>καὶ</span> <span class='ocrx_word' id='word_1_86' title='bbox 627 1780 660 1840; x_wconf 78' lang='grc' dir='ltr'>σὲ</span> <span class='ocrx_word' id='word_1_87' title='bbox 681 1774 820 1856; x_wconf 79' lang='grc' dir='ltr'>μέλλειν,</span> <span class='ocrx_word' id='word_1_88' title='bbox 842 1778 887 1850; x_wconf 81' lang='grc' dir='ltr'>ὡς</span> <span class='ocrx_word' id='word_1_89' title='bbox 908 1779 1031 1863; x_wconf 80' lang='grc' dir='ltr'>χρόνος</span> <span class='ocrx_word' id='word_1_90' title='bbox 1053 1775 1264 1863; x_wconf 76' lang='grc' dir='ltr'>παρήλυθον·”</span> <span class='ocrx_word' id='word_1_91' title='bbox 1280 1812 1320 1820; x_wconf 90' lang='grc'><strong>-</strong></span> 
     </span>
    </p>

    <p class='ocr_par' dir='ltr' id='par_1_5' title="bbox 815 1878 1345 1943">
     <span class='ocr_line' id='line_1_13' title="bbox 815 1878 1345 1943; baseline 0.004 -15"><span class='ocrx_word' id='word_1_92' title='bbox 815 1923 817 1928; x_wconf 90' lang='grc'><em>,</em></span> <span class='ocrx_word' id='word_1_93' title='bbox 876 1879 980 1942; x_wconf 86' lang='lat' dir='ltr'>(Wagn.</span> <span class='ocrx_word' id='word_1_94' title='bbox 998 1878 1088 1943; x_wconf 79' lang='lat' dir='ltr'>fragm.</span> <span class='ocrx_word' id='word_1_95' title='bbox 1106 1880 1164 1937; x_wconf 76' lang='lat' dir='ltr'>too,</span> <span class='ocrx_word' id='word_1_96' title='bbox 1181 1880 1259 1929; x_wconf 79' lang='lat' dir='ltr'>nina</span> <span class='ocrx_word' id='word_1_97' title='bbox 1276 1882 1345 1942; x_wconf 76' lang='lat' dir='ltr'>tae.)</span> 
     </span>
    </p>

    <p class='ocr_par' dir='ltr' id='par_1_6' title="bbox 334 1991 1413 2642">
     <span class='ocr_line' id='line_1_14' title="bbox 334 1991 1411 2077; baseline 0.003 -20"><span class='ocrx_word' id='word_1_98' title='bbox 334 1992 523 2074; x_wconf 88' lang='lat' dir='ltr'>Mulierem,</span> <span class='ocrx_word' id='word_1_99' title='bbox 561 1997 686 2057; x_wconf 89' lang='lat' dir='ltr'>recente</span> <span class='ocrx_word' id='word_1_100' title='bbox 719 1991 829 2058; x_wconf 85' lang='lat' dir='ltr'>mariti</span> <span class='ocrx_word' id='word_1_101' title='bbox 856 1992 953 2057; x_wconf 87' lang='lat' dir='ltr'>caede</span> <span class='ocrx_word' id='word_1_102' title='bbox 977 2001 1162 2077; x_wconf 89' lang='lat' dir='ltr'>comperta,</span> <span class='ocrx_word' id='word_1_103' title='bbox 1188 1994 1357 2062; x_wconf 88' lang='lat' dir='ltr'>ludentem</span> <span class='ocrx_word' id='word_1_104' title='bbox 1376 1998 1411 2060; x_wconf 92' lang='lat' dir='ltr'>in</span> 
     </span>
     <span class='ocr_line' id='line_1_15' title="bbox 334 2105 1412 2193; baseline 0.005 -23"><span class='ocrx_word' id='word_1_105' title='bbox 334 2106 458 2190; x_wconf 90' lang='lat' dir='ltr'>duplici</span> <span class='ocrx_word' id='word_1_106' title='bbox 497 2105 586 2170; x_wconf 89' lang='lat' dir='ltr'>verbi</span> <span class='ocrx_word' id='word_1_107' title='bbox 625 2105 751 2188; x_wconf 76' lang='grc' dir='ltr'>μέλλειν</span> <span class='ocrx_word' id='word_1_108' title='bbox 796 2105 1036 2192; x_wconf 86' lang='lat' dir='ltr'>significatione</span> <span class='ocrx_word' id='word_1_109' title='bbox 1081 2107 1245 2193; x_wconf 79' lang='lat' dir='ltr'>(futurum</span> <span class='ocrx_word' id='word_1_110' title='bbox 1276 2131 1341 2175; x_wconf 82' lang='lat' dir='ltr'>esse</span> <span class='ocrx_word' id='word_1_111' title='bbox 1379 2117 1412 2174; x_wconf 88' lang='lat' dir='ltr'>et</span> 
     </span>
     <span class='ocr_line' id='line_1_16' title="bbox 335 2219 1412 2307; baseline 0.004 -23"><span class='ocrx_word' id='word_1_112' title='bbox 335 2221 502 2304; x_wconf 75' lang='lat' dir='ltr'>mactari),</span> <span class='ocrx_word' id='word_1_113' title='bbox 527 2219 600 2304; x_wconf 91' lang='lat' dir='ltr'>quis</span> <span class='ocrx_word' id='word_1_114' title='bbox 623 2219 704 2286; x_wconf 90' lang='lat' dir='ltr'>ferre</span> <span class='ocrx_word' id='word_1_115' title='bbox 727 2219 854 2304; x_wconf 85' lang='lat' dir='ltr'>possit?</span> <span class='ocrx_word' id='word_1_116' title='bbox 885 2219 1020 2285; x_wconf 89' lang='lat' dir='ltr'>Atenim</span> <span class='ocrx_word' id='word_1_117' title='bbox 1044 2220 1262 2307; x_wconf 88' lang='lat' dir='ltr'>“Euripides,</span> <span class='ocrx_word' id='word_1_118' title='bbox 1287 2223 1412 2307; x_wconf 91' lang='lat' dir='ltr'>siquis</span> 
     </span>
     <span class='ocr_line' id='line_1_17' title="bbox 336 2332 1413 2418; baseline 0.005 -23"><span class='ocrx_word' id='word_1_119' title='bbox 336 2332 444 2396; x_wconf 85' lang='lat' dir='ltr'>“alins</span> <span class='ocrx_word' id='word_1_120' title='bbox 475 2335 621 2396; x_wconf 86' lang='lat' dir='ltr'>veterum</span> <span class='ocrx_word' id='word_1_121' title='bbox 650 2337 838 2415; x_wconf 85' lang='lat' dir='ltr'>poetarum,</span> <span class='ocrx_word' id='word_1_122' title='bbox 872 2332 1066 2418; x_wconf 89' lang='lat' dir='ltr'>quandoque</span> <span class='ocrx_word' id='word_1_123' title='bbox 1092 2333 1266 2418; x_wconf 87' lang='lat' dir='ltr'>dormitat,</span> <span class='ocrx_word' id='word_1_124' title='bbox 1292 2341 1325 2400; x_wconf 90' lang='lat' dir='ltr'>ct</span> <span class='ocrx_word' id='word_1_125' title='bbox 1348 2336 1413 2402; x_wconf 91' lang='lat' dir='ltr'>sibi</span> 
     </span>
     <span class='ocr_line' id='line_1_18' title="bbox 336 2443 1412 2533; baseline 0.004 -24"><span class='ocrx_word' id='word_1_126' title='bbox 336 2446 464 2530; x_wconf 85' lang='lat' dir='ltr'>“impar</span> <span class='ocrx_word' id='word_1_127' title='bbox 497 2443 593 2508; x_wconf 90' lang='lat' dir='ltr'>modo</span> <span class='ocrx_word' id='word_1_128' title='bbox 627 2444 748 2509; x_wconf 85' lang='lat' dir='ltr'>eximie</span> <span class='ocrx_word' id='word_1_129' title='bbox 777 2444 905 2527; x_wconf 86' lang='lat' dir='ltr'>fundit,</span> <span class='ocrx_word' id='word_1_130' title='bbox 930 2446 1026 2510; x_wconf 89' lang='lat' dir='ltr'>modo</span> <span class='ocrx_word' id='word_1_131' title='bbox 1051 2446 1090 2510; x_wconf 86' lang='lat' dir='ltr'>ed</span> <span class='ocrx_word' id='word_1_132' title='bbox 1116 2445 1226 2512; x_wconf 84' lang='lat' dir='ltr'>futilia</span> <span class='ocrx_word' id='word_1_133' title='bbox 1249 2469 1286 2513; x_wconf 87' lang='lat' dir='ltr'>ac</span> <span class='ocrx_word' id='word_1_134' title='bbox 1309 2470 1412 2533; x_wconf 84' lang='lat' dir='ltr'>paene</span> 
     </span>
     <span class='ocr_line' id='line_1_19' title="bbox 337 2555 904 2642; baseline 0.002 -21"><span class='ocrx_word' id='word_1_135' title='bbox 337 2557 497 2623; x_wconf 86' lang='lat' dir='ltr'>“dixerim</span> <span class='ocrx_word' id='word_1_136' title='bbox 520 2555 659 2642; x_wconf 89' lang='lat' dir='ltr'>puerilia</span> <span class='ocrx_word' id='word_1_137' title='bbox 682 2555 865 2623; x_wconf 86' lang='lat' dir='ltr'>delabitur&#39;&#39;</span> <span class='ocrx_word' id='word_1_138' title='bbox 884 2559 904 2622; x_wconf 83' lang='lat'>⁴.</span> 
     </span>
    </p>
   </div>
   <div class='ocr_carea' id='block_1_3' title="bbox 777 2765 944 2789">
    <p class='ocr_par' dir='ltr' id='par_1_7' title="bbox 777 2765 944 2789">
     <span class='ocr_line' id='line_1_20' title="bbox 777 2765 944 2789; baseline 0 -13"><span class='ocrx_word' id='word_1_139' title='bbox 777 2765 944 2789; x_wconf 50' lang='lat' dir='ltr'>mmm</span> 
     </span>
    </p>
   </div>
   <div class='ocr_carea' id='block_1_4' title="bbox 335 2898 1462 3551">
    <p class='ocr_par' dir='ltr' id='par_1_8' title="bbox 335 2898 1462 3551">
     <span class='ocr_line' id='line_1_21' title="bbox 382 2898 1414 2988; baseline 0.003 -22"><span class='ocrx_word' id='word_1_140' title='bbox 382 2898 459 2967; x_wconf 83' lang='lat' dir='ltr'>Jam</span> <span class='ocrx_word' id='word_1_141' title='bbox 492 2898 639 2982; x_wconf 88' lang='lat' dir='ltr'>ostendi,</span> <span class='ocrx_word' id='word_1_142' title='bbox 677 2920 741 2964; x_wconf 92' lang='lat' dir='ltr'>non</span> <span class='ocrx_word' id='word_1_143' title='bbox 773 2922 870 2966; x_wconf 87' lang='lat' dir='ltr'>cansa</span> <span class='ocrx_word' id='word_1_144' title='bbox 894 2901 1085 2988; x_wconf 77' lang='lat' dir='ltr'>destitutam</span> <span class='ocrx_word' id='word_1_145' title='bbox 1110 2902 1192 2967; x_wconf 92' lang='lat' dir='ltr'>mihi</span> <span class='ocrx_word' id='word_1_146' title='bbox 1215 2903 1318 2968; x_wconf 91' lang='lat' dir='ltr'>videri</span> <span class='ocrx_word' id='word_1_147' title='bbox 1340 2926 1414 2969; x_wconf 89' lang='lat' dir='ltr'>sen-</span> 
     </span>
     <span class='ocr_line' id='line_1_22' title="bbox 339 3011 1462 3100; baseline 0 -20"><span class='ocrx_word' id='word_1_148' title='bbox 339 3016 475 3081; x_wconf 87' lang='lat' dir='ltr'>tentiam</span> <span class='ocrx_word' id='word_1_149' title='bbox 509 3034 607 3100; x_wconf 92' lang='lat' dir='ltr'>qnam</span> <span class='ocrx_word' id='word_1_150' title='bbox 639 3011 680 3076; x_wconf 87' lang='lat' dir='ltr'>do</span> <span class='ocrx_word' id='word_1_151' title='bbox 716 3011 815 3100; x_wconf 73' lang='grc' dir='ltr'>λαλιᾷ</span> <span class='ocrx_word' id='word_1_152' title='bbox 849 3012 1027 3098; x_wconf 83' lang='lat' dir='ltr'>Euripiden</span> <span class='ocrx_word' id='word_1_153' title='bbox 1059 3013 1137 3079; x_wconf 90' lang='lat' dir='ltr'>tulit</span> <span class='ocrx_word' id='word_1_154' title='bbox 1166 3015 1411 3100; x_wconf 89' lang='lat' dir='ltr'>Aristophanes.</span> <span class='ocrx_word' id='word_1_155' title='bbox 1459 3029 1462 3036; x_wconf 85' lang='grc'><strong>’</strong></span> 
     </span>
     <span class='ocr_line' id='line_1_23' title="bbox 341 3126 1415 3213; baseline -0.003 -18"><span class='ocrx_word' id='word_1_156' title='bbox 341 3129 405 3195; x_wconf 88' lang='lat' dir='ltr'>Sed</span> <span class='ocrx_word' id='word_1_157' title='bbox 427 3134 477 3194; x_wconf 90' lang='lat' dir='ltr'>est</span> <span class='ocrx_word' id='word_1_158' title='bbox 500 3135 609 3193; x_wconf 86' lang='lat' dir='ltr'>tamen</span> <span class='ocrx_word' id='word_1_159' title='bbox 633 3148 696 3212; x_wconf 91' lang='lat' dir='ltr'>qno</span> <span class='ocrx_word' id='word_1_160' title='bbox 721 3126 911 3212; x_wconf 86' lang='lat' dir='ltr'>Euripidem</span> <span class='ocrx_word' id='word_1_161' title='bbox 936 3149 1080 3209; x_wconf 81' lang='lat' dir='ltr'>excuses,</span> <span class='ocrx_word' id='word_1_162' title='bbox 1105 3149 1209 3213; x_wconf 91' lang='lat' dir='ltr'>neque</span> <span class='ocrx_word' id='word_1_163' title='bbox 1227 3127 1261 3192; x_wconf 90' lang='lat' dir='ltr'>id</span> <span class='ocrx_word' id='word_1_164' title='bbox 1273 3127 1415 3194; x_wconf 88' lang='lat' dir='ltr'>indicere</span> 
     </span>
     <span class='ocr_line' id='line_1_24' title="bbox 340 3240 1415 3327; baseline 0 -21"><span class='ocrx_word' id='word_1_165' title='bbox 340 3241 608 3327; x_wconf 87' lang='lat' dir='ltr'>praetermittam,</span> <span class='ocrx_word' id='word_1_166' title='bbox 626 3262 667 3306; x_wconf 89' lang='lat' dir='ltr'>ne</span> <span class='ocrx_word' id='word_1_167' title='bbox 679 3241 910 3326; x_wconf 87' lang='lat' dir='ltr'>Aristophanis</span> <span class='ocrx_word' id='word_1_168' title='bbox 919 3240 1081 3326; x_wconf 87' lang='lat' dir='ltr'>judicium</span> <span class='ocrx_word' id='word_1_169' title='bbox 1094 3240 1260 3327; x_wconf 89' lang='lat' dir='ltr'>probando</span> <span class='ocrx_word' id='word_1_170' title='bbox 1273 3241 1415 3327; x_wconf 88' lang='lat' dir='ltr'>injustas</span> 
     </span>
     <span class='ocr_line' id='line_1_25' title="bbox 339 3352 1416 3440; baseline 0.001 -23"><span class='ocrx_word' id='word_1_171' title='bbox 339 3355 373 3418; x_wconf 91' lang='lat' dir='ltr'>in</span> <span class='ocrx_word' id='word_1_172' title='bbox 396 3374 554 3440; x_wconf 87' lang='lat' dir='ltr'>magnum</span> <span class='ocrx_word' id='word_1_173' title='bbox 577 3352 737 3438; x_wconf 87' lang='lat' dir='ltr'>tragicum</span> <span class='ocrx_word' id='word_1_174' title='bbox 762 3358 891 3437; x_wconf 87' lang='lat' dir='ltr'>poetam</span> <span class='ocrx_word' id='word_1_175' title='bbox 904 3352 1053 3418; x_wconf 84' lang='lat' dir='ltr'>extitisse</span> <span class='ocrx_word' id='word_1_176' title='bbox 1073 3353 1190 3418; x_wconf 85' lang='lat' dir='ltr'>videar.</span> <span class='ocrx_word' id='word_1_177' title='bbox 1217 3353 1291 3420; x_wconf 89' lang='lat' dir='ltr'>Non</span> <span class='ocrx_word' id='word_1_178' title='bbox 1304 3359 1416 3420; x_wconf 84' lang='lat' dir='ltr'>auctor</span> 
     </span>
     <span class='ocr_line' id='line_1_26' title="bbox 335 3451 1415 3551; baseline 0 -19"><span class='ocrx_word' id='word_1_179' title='bbox 335 3451 425 3533; x_wconf 50' lang='lat' dir='ltr'>&#39;enim</span> <span class='ocrx_word' id='word_1_180' title='bbox 459 3472 491 3532; x_wconf 90' lang='lat' dir='ltr'>et</span> <span class='ocrx_word' id='word_1_181' title='bbox 524 3465 673 3530; x_wconf 91' lang='lat' dir='ltr'>inventor</span> <span class='ocrx_word' id='word_1_182' title='bbox 707 3465 876 3531; x_wconf 88' lang='lat' dir='ltr'>habendus</span> <span class='ocrx_word' id='word_1_183' title='bbox 914 3473 964 3531; x_wconf 88' lang='lat' dir='ltr'>cst</span> <span class='ocrx_word' id='word_1_184' title='bbox 998 3466 1094 3530; x_wconf 89' lang='lat' dir='ltr'>istius</span> <span class='ocrx_word' id='word_1_185' title='bbox 1123 3467 1224 3534; x_wconf 88' lang='lat' dir='ltr'>studii</span> <span class='ocrx_word' id='word_1_186' title='bbox 1247 3467 1415 3551; x_wconf 89' lang='lat' dir='ltr'>rhetorici,</span> 
     </span>
    </p>
   </div>
   <div class='ocr_carea' id='block_1_5' title="bbox 339 3698 1418 4392">
    <p class='ocr_par' dir='ltr' id='par_1_9' title="bbox 372 3698 1277 3852">
     <span class='ocr_line' id='line_1_27' title="bbox 372 3698 1277 3765; baseline 0 -16"><span class='ocrx_word' id='word_1_187' title='bbox 372 3702 380 3733; x_wconf 87' lang='lat'>¹</span> <span class='ocrx_word' id='word_1_188' title='bbox 413 3701 503 3749; x_wconf 77' lang='lat' dir='ltr'>Bacch.</span> <span class='ocrx_word' id='word_1_189' title='bbox 519 3713 555 3748; x_wconf 81' lang='lat' dir='ltr'>vs.</span> <span class='ocrx_word' id='word_1_190' title='bbox 572 3701 632 3752; x_wconf 71' lang='lat'><strong>357:</strong></span> <span class='ocrx_word' id='word_1_191' title='bbox 652 3701 762 3758; x_wconf 76' lang='grc' dir='ltr'>Πενθεὺς</span> <span class='ocrx_word' id='word_1_192' title='bbox 780 3699 800 3748; x_wconf 88' lang='lat' dir='ltr'>d&#39;</span> <span class='ocrx_word' id='word_1_193' title='bbox 818 3698 888 3756; x_wconf 77' lang='grc' dir='ltr'>ὅπως</span> <span class='ocrx_word' id='word_1_194' title='bbox 904 3700 940 3763; x_wconf 82' lang='grc' dir='ltr'>μὴ</span> <span class='ocrx_word' id='word_1_195' title='bbox 959 3699 1052 3758; x_wconf 77' lang='grc' dir='ltr'>πένθος</span> <span class='ocrx_word' id='word_1_196' title='bbox 1070 3700 1168 3758; x_wconf 67' lang='lat' dir='ltr'>siceum</span> <span class='ocrx_word' id='word_1_197' title='bbox 1184 3701 1277 3765; x_wconf 79' lang='grc' dir='ltr'>δόμοις.</span> 
     </span>
     <span class='ocr_line' id='line_1_28' title="bbox 439 3786 1157 3852; baseline 0.001 -14"><span class='ocrx_word' id='word_1_198' title='bbox 439 3790 501 3839; x_wconf 92' lang='lat' dir='ltr'>Ibid.</span> <span class='ocrx_word' id='word_1_199' title='bbox 518 3805 554 3839; x_wconf 82' lang='lat' dir='ltr'>rs.</span> <span class='ocrx_word' id='word_1_200' title='bbox 572 3791 632 3839; x_wconf 78' lang='lat' dir='ltr'>tos:</span> <span class='ocrx_word' id='word_1_201' title='bbox 651 3789 833 3852; x_wconf 78' lang='grc' dir='ltr'>ἐνδυστυχῆσαι</span> <span class='ocrx_word' id='word_1_202' title='bbox 851 3786 954 3852; x_wconf 78' lang='grc' dir='ltr'>τοῦνομ’</span> <span class='ocrx_word' id='word_1_203' title='bbox 971 3788 1110 3849; x_wconf 78' lang='grc' dir='ltr'>ἐπιτήδειος</span> <span class='ocrx_word' id='word_1_204' title='bbox 1128 3792 1157 3840; x_wconf 76' lang='grc' dir='ltr'>εἶ.</span> 
     </span>
    </p>

    <p class='ocr_par' dir='ltr' id='par_1_10' title="bbox 370 3877 1253 3944">
     <span class='ocr_line' id='line_1_29' title="bbox 370 3877 1253 3944; baseline -0.002 -13"><span class='ocrx_word' id='word_1_205' title='bbox 370 3879 381 3914; x_wconf 79' lang='lat'>²</span> <span class='ocrx_word' id='word_1_206' title='bbox 414 3882 504 3931; x_wconf 88' lang='lat' dir='ltr'>Troad.</span> <span class='ocrx_word' id='word_1_207' title='bbox 521 3895 557 3928; x_wconf 86' lang='lat' dir='ltr'>vs.</span> <span class='ocrx_word' id='word_1_208' title='bbox 575 3879 635 3929; x_wconf 84' lang='lat'><strong>990:</strong></span> <span class='ocrx_word' id='word_1_209' title='bbox 653 3881 696 3929; x_wconf 78' lang='grc' dir='ltr'>καὶ</span> <span class='ocrx_word' id='word_1_210' title='bbox 713 3877 816 3941; x_wconf 80' lang='grc' dir='ltr'>τοῦνομ’</span> <span class='ocrx_word' id='word_1_211' title='bbox 835 3878 915 3941; x_wconf 84' lang='grc' dir='ltr'>ὀρθῶς</span> <span class='ocrx_word' id='word_1_212' title='bbox 932 3877 1078 3942; x_wconf 73' lang='grc' dir='ltr'>ἀφροσύνης</span> <span class='ocrx_word' id='word_1_213' title='bbox 1096 3880 1168 3944; x_wconf 80' lang='grc' dir='ltr'>ἄρχοι</span> <span class='ocrx_word' id='word_1_214' title='bbox 1186 3880 1253 3938; x_wconf 79' lang='grc' dir='ltr'>θεᾶς.</span> 
     </span>
    </p>

    <p class='ocr_par' dir='ltr' id='par_1_11' title="bbox 372 3969 642 4023">
     <span class='ocr_line' id='line_1_30' title="bbox 372 3969 642 4023; baseline -0.015 -3"><span class='ocrx_word' id='word_1_215' title='bbox 372 3972 383 4003; x_wconf 83' lang='lat'><strong>³</strong></span> <span class='ocrx_word' id='word_1_216' title='bbox 416 3971 498 4023; x_wconf 84' lang='lat' dir='ltr'>Orest.</span> <span class='ocrx_word' id='word_1_217' title='bbox 514 3983 552 4017; x_wconf 80' lang='lat' dir='ltr'>vs.</span> <span class='ocrx_word' id='word_1_218' title='bbox 570 3969 642 4018; x_wconf 78' lang='lat' dir='ltr'>rost.</span> 
     </span>
    </p>

    <p class='ocr_par' dir='ltr' id='par_1_12' title="bbox 339 4053 1418 4392">
     <span class='ocr_line' id='line_1_31' title="bbox 372 4053 1416 4121; baseline -0.002 -9"><span class='ocrx_word' id='word_1_219' title='bbox 372 4064 382 4094; x_wconf 80' lang='lat'><strong>⁴</strong></span> <span class='ocrx_word' id='word_1_220' title='bbox 415 4061 478 4112; x_wconf 87' lang='lat' dir='ltr'>Sunt</span> <span class='ocrx_word' id='word_1_221' title='bbox 493 4059 570 4109; x_wconf 80' lang='lat' dir='ltr'>rerba</span> <span class='ocrx_word' id='word_1_222' title='bbox 585 4059 620 4110; x_wconf 87' lang='lat' dir='ltr'>V.</span> <span class='ocrx_word' id='word_1_223' title='bbox 637 4057 677 4109; x_wconf 83' lang='lat' dir='ltr'>Ol.</span> <span class='ocrx_word' id='word_1_224' title='bbox 695 4059 725 4109; x_wconf 85' lang='lat' dir='ltr'>C.</span> <span class='ocrx_word' id='word_1_225' title='bbox 742 4057 774 4108; x_wconf 87' lang='lat' dir='ltr'>G.</span> <span class='ocrx_word' id='word_1_226' title='bbox 791 4057 871 4107; x_wconf 80' lang='lat' dir='ltr'>Cobet</span> <span class='ocrx_word' id='word_1_227' title='bbox 887 4056 950 4104; x_wconf 85' lang='lat' dir='ltr'>Var.</span> <span class='ocrx_word' id='word_1_228' title='bbox 968 4053 1050 4106; x_wconf 80' lang='lat' dir='ltr'>Lect²</span> <span class='ocrx_word' id='word_1_229' title='bbox 1066 4071 1091 4121; x_wconf 91' lang='lat' dir='ltr'>p.</span> <span class='ocrx_word' id='word_1_230' title='bbox 1108 4059 1165 4108; x_wconf 72' lang='lat'><strong>563.</strong></span> <span class='ocrx_word' id='word_1_231' title='bbox 1175 4085 1205 4094; x_wconf 95' lang='lat'>-</span> <span class='ocrx_word' id='word_1_232' title='bbox 1218 4057 1416 4111; x_wconf 80' lang='lat' dir='ltr'>commemorari</span> 
     </span>
     <span class='ocr_line' id='line_1_32' title="bbox 340 4143 1418 4214; baseline 0.002 -16"><span class='ocrx_word' id='word_1_233' title='bbox 340 4151 379 4200; x_wconf 90' lang='lat' dir='ltr'>hic</span> <span class='ocrx_word' id='word_1_234' title='bbox 396 4152 471 4202; x_wconf 83' lang='lat' dir='ltr'>etiarn</span> <span class='ocrx_word' id='word_1_235' title='bbox 487 4156 568 4213; x_wconf 86' lang='lat' dir='ltr'>potest</span> <span class='ocrx_word' id='word_1_236' title='bbox 588 4147 657 4198; x_wconf 87' lang='lat' dir='ltr'>locus</span> <span class='ocrx_word' id='word_1_237' title='bbox 673 4161 746 4211; x_wconf 87' lang='lat' dir='ltr'>quem</span> <span class='ocrx_word' id='word_1_238' title='bbox 764 4161 797 4195; x_wconf 87' lang='lat' dir='ltr'>ex</span> <span class='ocrx_word' id='word_1_239' title='bbox 813 4145 919 4200; x_wconf 79' lang='lat' dir='ltr'>Theseo,</span> <span class='ocrx_word' id='word_1_240' title='bbox 936 4143 1063 4207; x_wconf 84' lang='lat' dir='ltr'>deperdita</span> <span class='ocrx_word' id='word_1_241' title='bbox 1076 4144 1166 4204; x_wconf 80' lang='lat' dir='ltr'>labala,</span> <span class='ocrx_word' id='word_1_242' title='bbox 1176 4150 1418 4214; x_wconf 85' lang='lat' dir='ltr'>serratnmlcgimns</span> 
     </span>
     <span class='ocr_line' id='line_1_33' title="bbox 339 4231 1417 4304; baseline 0.002 -16"><span class='ocrx_word' id='word_1_243' title='bbox 339 4241 406 4304; x_wconf 81' lang='lat' dir='ltr'>apud</span> <span class='ocrx_word' id='word_1_244' title='bbox 422 4231 580 4288; x_wconf 76' lang='lat' dir='ltr'>Athenaeum</span> <span class='ocrx_word' id='word_1_245' title='bbox 596 4239 623 4288; x_wconf 85' lang='lat' dir='ltr'>X</span> <span class='ocrx_word' id='word_1_246' title='bbox 639 4253 696 4301; x_wconf 86' lang='lat' dir='ltr'>pag.</span> <span class='ocrx_word' id='word_1_247' title='bbox 714 4238 764 4286; x_wconf 72' lang='grc'>454</span> <span class='ocrx_word' id='word_1_248' title='bbox 779 4236 803 4295; x_wconf 90' lang='lat' dir='ltr'>b,</span> <span class='ocrx_word' id='word_1_249' title='bbox 822 4235 863 4284; x_wconf 91' lang='lat' dir='ltr'>nbi</span> <span class='ocrx_word' id='word_1_250' title='bbox 881 4244 965 4298; x_wconf 83' lang='lat' dir='ltr'>pastor</span> <span class='ocrx_word' id='word_1_251' title='bbox 981 4235 1106 4294; x_wconf 86' lang='lat' dir='ltr'>indoctus,</span> <span class='ocrx_word' id='word_1_252' title='bbox 1118 4236 1149 4285; x_wconf 88' lang='lat' dir='ltr'>ad</span> <span class='ocrx_word' id='word_1_253' title='bbox 1170 4237 1359 4300; x_wconf 83' lang='lat' dir='ltr'>significandum</span> <span class='ocrx_word' id='word_1_254' title='bbox 1374 4257 1417 4290; x_wconf 90' lang='lat' dir='ltr'>no-</span> 
     </span>
     <span class='ocr_line' id='line_1_34' title="bbox 340 4323 1418 4392; baseline 0.001 -14"><span class='ocrx_word' id='word_1_255' title='bbox 340 4344 397 4378; x_wconf 88' lang='lat' dir='ltr'>men</span> <span class='ocrx_word' id='word_1_256' title='bbox 414 4329 519 4386; x_wconf 88' lang='lat' dir='ltr'>Thesei,</span> <span class='ocrx_word' id='word_1_257' title='bbox 537 4330 602 4391; x_wconf 88' lang='lat' dir='ltr'>qnod</span> <span class='ocrx_word' id='word_1_258' title='bbox 619 4329 670 4391; x_wconf 88' lang='lat' dir='ltr'>ipse</span> <span class='ocrx_word' id='word_1_259' title='bbox 687 4327 770 4390; x_wconf 85' lang='lat' dir='ltr'>legere</span> <span class='ocrx_word' id='word_1_260' title='bbox 787 4341 836 4375; x_wconf 93' lang='lat' dir='ltr'>non</span> <span class='ocrx_word' id='word_1_261' title='bbox 853 4325 947 4388; x_wconf 86' lang='lat' dir='ltr'>potnit,</span> <span class='ocrx_word' id='word_1_262' title='bbox 965 4325 1046 4374; x_wconf 88' lang='lat' dir='ltr'>verbis</span> <span class='ocrx_word' id='word_1_263' title='bbox 1063 4323 1181 4375; x_wconf 83' lang='lat' dir='ltr'>describit</span> <span class='ocrx_word' id='word_1_264' title='bbox 1198 4327 1291 4390; x_wconf 78' lang='lat' dir='ltr'>figuras</span> <span class='ocrx_word' id='word_1_265' title='bbox 1308 4329 1418 4392; x_wconf 84' lang='lat' dir='ltr'>singula-</span> 
     </span>
    </p>
   </div>
   <div class='ocr_carea' id='block_1_6' title="bbox 338 4413 1416 4564">
    <p class='ocr_par' dir='ltr' id='par_1_13' title="bbox 338 4413 1416 4564">
     <span class='ocr_line' id='line_1_35' title="bbox 338 4413 1416 4480; baseline -0.001 -12"><span class='ocrx_word' id='word_1_266' title='bbox 338 4433 395 4468; x_wconf 88' lang='lat' dir='ltr'>rum</span> <span class='ocrx_word' id='word_1_267' title='bbox 417 4417 543 4464; x_wconf 88' lang='lat' dir='ltr'>literarum</span> <span class='ocrx_word' id='word_1_268' title='bbox 560 4413 598 4476; x_wconf 85' lang='grc' dir='ltr'>Θ,</span> <span class='ocrx_word' id='word_1_269' title='bbox 621 4417 657 4476; x_wconf 86' lang='grc' dir='ltr'>Η,</span> <span class='ocrx_word' id='word_1_270' title='bbox 675 4417 711 4475; x_wconf 84' lang='grc'>0,</span> <span class='ocrx_word' id='word_1_271' title='bbox 728 4417 762 4474; x_wconf 88' lang='lat' dir='ltr'>E,</span> <span class='ocrx_word' id='word_1_272' title='bbox 779 4417 816 4474; x_wconf 89' lang='lat' dir='ltr'>Y,</span> <span class='ocrx_word' id='word_1_273' title='bbox 835 4414 868 4474; x_wconf 83' lang='lat'>0;</span> <span class='ocrx_word' id='word_1_274' title='bbox 884 4414 953 4462; x_wconf 87' lang='lat' dir='ltr'>addit</span> <span class='ocrx_word' id='word_1_275' title='bbox 970 4415 1117 4465; x_wconf 85' lang='lat' dir='ltr'>Athenaeus</span> <span class='ocrx_word' id='word_1_276' title='bbox 1134 4416 1277 4480; x_wconf 81' lang='lat' dir='ltr'>Agathonis</span> <span class='ocrx_word' id='word_1_277' title='bbox 1293 4428 1318 4468; x_wconf 88' lang='lat' dir='ltr'>et</span> <span class='ocrx_word' id='word_1_278' title='bbox 1335 4419 1416 4468; x_wconf 84' lang='lat' dir='ltr'>Theo-</span> 
     </span>
     <span class='ocr_line' id='line_1_36' title="bbox 339 4498 1276 4564; baseline 0 -13"><span class='ocrx_word' id='word_1_279' title='bbox 339 4501 417 4552; x_wconf 84' lang='lat' dir='ltr'>dectis</span> <span class='ocrx_word' id='word_1_280' title='bbox 434 4501 459 4548; x_wconf 91' lang='lat' dir='ltr'>in</span> <span class='ocrx_word' id='word_1_281' title='bbox 477 4498 606 4549; x_wconf 85' lang='lat' dir='ltr'>elementis</span> <span class='ocrx_word' id='word_1_282' title='bbox 624 4515 712 4549; x_wconf 88' lang='lat' dir='ltr'>vocum</span> <span class='ocrx_word' id='word_1_283' title='bbox 728 4500 858 4564; x_wconf 79' lang='lat' dir='ltr'>pueriliter</span> <span class='ocrx_word' id='word_1_284' title='bbox 874 4498 1013 4548; x_wconf 86' lang='lat' dir='ltr'>ludentium</span> <span class='ocrx_word' id='word_1_285' title='bbox 1030 4514 1110 4563; x_wconf 80' lang='lat' dir='ltr'>nugas</span> <span class='ocrx_word' id='word_1_286' title='bbox 1128 4501 1276 4551; x_wconf 89' lang='lat' dir='ltr'>consimiles.</span> 
     </span>
    </p>
   </div>
   <div class='ocr_carea' id='block_1_7' title="bbox 0 0 1662 5338">
    <p class='ocr_par' dir='ltr' id='par_1_14' title="bbox 0 0 1662 5338">
     <span class='ocr_line' id='line_1_37' title="bbox 0 0 1662 5338; baseline 0 0"><span class='ocrx_word' id='word_1_287' title='bbox 0 0 1662 5338; x_wconf 95' lang='lat' dir='ltr'> </span> 
     </span>
    </p>
   </div>
  </div>
 </body>
</html>
