3284 5338
754 478 815 538 115

243 659 386 746 tragicae
406 659 562 747 dignitati
581 662 730 727 detrahit.
758 662 842 726 Nam
866 682 974 726 revera
986 677 1050 724 non
1065 661 1206 726 multum
1219 662 1322 728 inter-

184 841 190 852 ,
242 780 309 856 est,
334 780 443 840 utrum
467 775 597 861 regibus
621 797 679 861 pro
700 793 861 861 purpurea
879 774 1048 858 chlamyde
1069 775 1247 840 sordidum
1262 779 1320 840 tri*

239 887 325 951 bona
348 889 483 973 induas,
509 909 550 954 an
574 911 685 955 eorum
709 890 807 953 verba
830 911 846 952 e
870 887 1054 973 tragoediae
1078 894 1181 954 metro
1205 911 1319 954 canoro

238 1001 409 1086 gravique,
446 1003 532 1087 quod
565 995 743 1068 sententias
768 1006 862 1065 ornat
885 1022 943 1064 neo
967 1000 1065 1064 nimis
1089 1006 1198 1066 tamen
1221 1003 1317 1066 arctis
1349 1076 1351 1079 ¹

238 1112 379 1178 viucidis
399 1115 584 1200 compescit,
605 1114 780 1181 transferas
799 1114 833 1177 in
856 1113 1032 1179 dissolutos
1048 1114 1189 1179 comicae
1204 1135 1317 1178 scenae
1354 1144 1357 1149 ·

238 1248 407 1312 numeros,
442 1228 497 1315 qui
531 1228 624 1314 quasi
662 1226 800 1292 saltibus
835 1225 987 1311 progredi
1014 1232 1047 1290 et
1068 1245 1126 1310 per
1149 1246 1262 1310 aspera
1284 1232 1317 1290 et

240 1339 341 1404 densa
372 1362 463 1406 ruere
496 1340 667 1423 videntur,
693 1361 713 1404 a
736 1360 884 1404 sermone
908 1339 1097 1424 quotidiano
1120 1360 1236 1423 parum
1266 1339 1315 1402 di-

243 1459 376 1518 stantes.
414 1451 478 1518 Hic
512 1471 653 1538 quoque
672 1451 864 1536 Euripidem
900 1468 1030 1517 monere
1053 1450 1170 1516 velles:
1196 1457 1253 1517 aut
1275 1474 1316 1516 ne

240 1567 373 1631 ostende
408 1566 502 1631 nobis
535 1565 709 1647 semideos,
734 1571 792 1630 aut
814 1565 862 1629 ita
884 1564 1058 1650 loquantur
1081 1571 1119 1628 ut
1141 1587 1182 1630 ex
1204 1587 1315 1637 eorum
1371 1619 1374 1625 .

239 1699 386 1745 sermone
416 1678 609 1764 dicendique
632 1677 728 1742 modo
751 1695 964 1762 agnoscamus
989 1699 1055 1742 non
1078 1678 1117 1743 de
1140 1677 1234 1762 plebe
1256 1678 1314 1742 ho-

239 1793 422 1875 munculos,
448 1793 504 1858 sed
527 1793 604 1858 Jovi
627 1791 754 1877 prolem
778 1813 842 1856 uon
867 1791 1073 1858 infitiandum
1091 1799 1111 1856 ¹.

271 2001 392 2053 ¹Partim
414 1969 560 2066 joculariter
585 2017 630 2050 sua
654 1999 834 2064 sesquipedalia
859 2001 934 2050 verba
962 2001 1110 2061 defendens,
1137 2001 1228 2064 partim
1253 2000 1317 2048 seria

238 2107 327 2155 agens,
344 2093 486 2156 Aeschylus
503 2093 595 2142 Ranar.
613 2107 648 2142 vs.
669 2093 731 2142 1058
747 2107 799 2156 sqq.
816 2093 851 2140 ira
868 2092 988 2155 loquitur:

731 2181 788 2232 ἀλλ’
806 2183 824 2230 ὦ
842 2182 1007 2246 κακόδαιμον,
1025 2179 1123 2247 ἀνάγκη

351 2272 469 2337 μεγάλων
485 2277 592 2337 γνωμῶν
609 2273 650 2320 καὶ
668 2271 787 2322 διανοιῶν
804 2273 847 2320 ἴσα
865 2274 906 2320 καὶ
923 2273 955 2321 τὰ
971 2263 1071 2336 ῥήματά
1089 2274 1188 2322 τίκτειν.

352 2361 451 2418 κᾶλλως
469 2360 532 2417 εἰκὸς
550 2361 608 2418 τοὺς
626 2360 742 2426 ἡμιθέους
760 2366 814 2419 τοῖς
832 2359 926 2425 ῥήμασι
942 2361 1037 2425 μείζοσι
1053 2364 1177 2424 χρῆσθαι,

351 2450 392 2496 καὶ
410 2451 457 2514 γὰρ
474 2452 528 2507 τοῖς
545 2449 651 2514 ἱματῖοις
667 2449 739 2514 ἡμῶν
757 2455 869 2514 χρῶνται
887 2447 953 2498 πολὺ
972 2449 1163 2514 σεμνοτέροισιν.
1181 2479 1212 2487 -
1250 2502 1253 2516 ,
1340 2495 1348 2531 q

271 2535 401 2598 '‘Nirgend
418 2537 527 2586 wardia
544 2537 639 2585 scharfe
656 2537 742 2586 Kritik
760 2539 803 2585 der
820 2539 943 2588 Komddie
959 2538 1041 2586 basset
1053 2536 1199 2604 berochtigt,
1210 2538 1314 2600 ningend

239 2617 343 2678 “wuido
360 2628 402 2675 das
419 2626 503 2674 antike
521 2625 574 2676 Ohr
590 2627 776 2690 ompfindlicher
794 2627 922 2676 verletzt.'’
937 2607 1072 2679 Bernhard'.
1090 2629 1124 2678 tl.
1142 2644 1199 2692 pag.
1218 2630 1274 2678 416.
