3258 5328
728 1019 903 1097 CAPUT
930 1018 1003 1094 IV.

560 1238 736 1284 nummulus
759 1238 793 1283 IN
817 1237 920 1283 SCENA
944 1236 1178 1282 PHILOSOPHUS.

768 1407 958 1424 mmmm

373 1551 450 1616 dam
482 1551 523 1616 ad
555 1552 687 1618 tertium
721 1551 837 1616 vitium
867 1558 1068 1616 transeamus
1092 1551 1178 1635 quod
1206 1551 1403 1636 elanguore

329 1662 416 1748 ignis
449 1663 568 1748 poetici
597 1663 697 1730 fluere
723 1663 791 1729 dixi
816 1665 930 1749 (supra
952 1685 1026 1749 pag.
1053 1665 1131 1747 39):
1156 1664 1402 1750 πολυγνωμικὸν

329 1773 433 1859 illud,
465 1775 590 1862 ῥήσεων
620 1775 918 1863 philosophicarum
946 1775 980 1840 in
1003 1775 1072 1860 ejus
1097 1774 1272 1861 tragoediis
1296 1775 1401 1840 abun-

329 1887 493 1973 dantium,
523 1912 609 1975 ,quae
641 1912 661 1955 a
691 1889 806 1956 multis
832 1911 928 1976 saepe
952 1889 1087 1956 laudata
1107 1889 1164 1955 sed
1187 1888 1401 1972 Aristophani

328 2002 488 2069 derisione
510 2002 610 2090 digna
632 2003 703 2069 visa
725 2009 784 2069 est.

373 2117 412 2181 In
442 2121 520 2182 noto
552 2117 718 2182 Ranarum
749 2116 820 2181 loco
845 2115 1017 2201 Euripides
1043 2137 1137 2182 suam
1159 2116 1287 2182 fabulas
1311 2137 1400 2181 com-

326 2229 470 2315 ponendi
500 2230 660 2294 rationem
693 2229 896 2312 describens,
930 2250 1008 2315 ego,
1041 2229 1140 2314 dicit,
1170 2230 1233 2295 arti
1259 2229 1400 2315 tragicae

327 2341 469 2408 subduxi
491 2342 630 2438 nimium
657 2347 817 2407 tumorem
831 2342 1067 2427 Aeschyleum,
1084 2344 1190 2432 χυλὸν
1203 2341 1310 2419 διδοὺς
1322 2371 1400 2407 στω-

324 2452 512 2538 μυλμάτων,
540 2455 616 2521 ὰπὸ
637 2451 827 2540 βιβλίων
848 2453 980 2531 ἆπηθῶν
1004 2457 1067 2537 (vs,
1094 2458 1186 2542 943).
1236 2454 1327 2521 Libri
1349 2455 1400 2518 illi

326 2566 494 2653 Euripidis
518 2567 636 2633 iterum
660 2575 832 2634 occurrunt
853 2589 900 2634 vs.
928 2570 1029 2652 1409,
1054 2569 1111 2634 ubi
1132 2568 1314 2653 Aeschylus
1326 2591 1399 2653 per-

325 2702 422 2766 quam
457 2680 594 2766 superbe
626 2681 722 2764 dicit,
749 2683 813 2748 tria
834 2704 894 2747 sua
920 2683 1016 2747 verba
1039 2682 1068 2748 si
1091 2682 1174 2747 libra
1196 2682 1396 2768 pendantur,

324 2791 430 2878 majus
461 2793 612 2860 habitura
644 2795 771 2881 pondus
801 2817 899 2881 quam
930 2794 1150 2861 adversarium
1172 2815 1247 2860 cum
1271 2793 1397 2860 familia

324 2927 384 2971 sua
407 2912 440 2972 et
465 2912 535 2974 tota
558 2930 617 2974 sua
640 2907 837 2974 bibliotheca
859 2908 954 2975 alteri
970 2908 1057 2973 lauci
1071 2906 1271 2992 impositum.
1310 2907 1396 2973 Con-

324 3025 392 3085 stat
413 3030 524 3087 autem
547 3022 645 3088 etiam
670 3021 818 3103 aliunde,
845 3020 981 3106 (Athen.
1010 3021 1097 3105 Epit.
1125 3021 1154 3101 I,
1178 3041 1252 3105 pag.
1280 3021 1327 3102 3),
1344 3041 1395 3085 re-

323 3155 399 3199 vera
421 3135 613 3222 Euripidem
637 3136 895 3222 colligendorum
922 3135 1078 3200 librorum
1102 3134 1198 3199 valde
1211 3132 1395 3199 studiosum

322 3245 440 3334 fuisse,
465 3253 499 3314 et
522 3249 573 3314 vel
594 3249 737 3335 primum
753 3249 902 3315 extitisse
917 3247 972 3334 qui
989 3248 1150 3333 privatam
1162 3246 1394 3313 bibliothecam

323 3360 464 3426 haberet
512 3361 626 3448 Neque
655 3362 874 3428 dubitandum
904 3367 955 3427 est
985 3361 1064 3448 quin
1088 3360 1200 3427 sedulo
1223 3361 1264 3427 iis
1288 3361 1395 3427 subsi-

322 3473 387 3540 diis
411 3474 578 3543 doctrinae
599 3497 678 3542 usus
701 3475 763 3554 sit3
788 3482 888 3541 testes
912 3480 990 3541 sunt
1011 3474 1134 3560 passim
1158 3475 1228 3560 ejus
1251 3474 1392 3558 fabulae,

323 3608 397 3652 eum
427 3588 502 3674 plus
534 3587 637 3653 nimio
667 3587 868 3655 eveteribus
892 3586 1090 3653 membranis
1113 3587 1269 3653 hausisse.
1317 3587 1393 3651 Tra·
1489 3592 1493 3599 '

321 3700 453 3787 goedias
477 3723 551 3769 curn
575 3702 787 3768 meditaretur
807 3722 873 3766 non
885 3706 1016 3766 secutus
1028 3704 1079 3765 est
1090 3719 1221 3765 auream
1234 3699 1392 3784 regulam,

321 3836 403 3901 quae
424 3814 606 3901 antiquitus
629 3834 730 3900 aeque
753 3813 855 3879 valuit
876 3835 913 3886 ac
937 3812 1049 3878 hodie:
1320 3890 1322 3893 Ι

366 3928 561 3994 “Materiem
584 3950 624 3994 ex
646 3928 818 3993 hominum
842 3926 950 3992 media
972 3925 1069 3992 modo
1086 3927 1206 3993 sumite
1220 3928 1288 3992 vita
1302 3928 1352 4020 θ’,-

320 4042 377 4107 sed
407 4041 517 4128 potius
537 4041 622 4107 inter
645 4041 814 4106 thesauros
838 4039 1029 4105 eruditionis
1060 4063 1140 4126 quos
1169 4040 1232 4107 sibi
1256 4040 1390 4126 conqui-

320 4155 448 4220 siverat·
473 4155 612 4241 degens,
648 4154 751 4220 vitam
787 4159 820 4220 et
854 4153 1002 4219 homines
1036 4155 1291 4222 ebibliotheoae
1314 4178 1391 4222 suae

353 4327 359 4358 ¹
394 4326 492 4377 “Greia
517 4342 565 4376 nur
590 4326 672 4376 hinein
694 4327 732 4374 ins
758 4326 823 4375 volle
839 4326 1072 4377 Menschanleben.''
1106 4325 1208 4387 (Goeth.
1223 4329 1301 4378 Faust
1316 4328 1390 4392 prol.)

318 4418 347 4466 In
373 4415 559 4464 narratiuncula
584 4417 649 4479 apud
673 4415 729 4465 Vel.
754 4415 896 4464 Maximum
921 4415 975 4473 111,
1001 4414 1111 4477 7jacut
1127 4428 1155 4464 sc
1171 4430 1272 4480 oporam
1289 4419 1347 4466 dare
1364 4427 1391 4466 ut

316 4506 434 4570 populum
450 4505 550 4561 doceat,
568 4520 618 4552 noa
635 4508 664 4552 ut
681 4505 713 4551 aso
730 4520 757 4552 co
775 4505 866 4554 discat.
