3258 5328
758 432 796 492 17

242 617 434 703 Euripides,
469 617 616 704 quemvis
648 624 758 682 tamen
794 619 1035 685 intellecturum
1064 626 1162 706 puto,
1187 621 1313 688 Aristo-

242 732 402 816 phanem,
436 752 536 818 quum
560 730 724 825 sophistas
747 731 917 799 infestaret
942 732 1083 800 Socratis
1105 733 1251 817 nomine,
1276 735 1315 798 de

243 844 400 931 Euripide
422 865 549 932 quoque
571 845 750 930 cogitasse3
770 845 826 910 sed
838 865 879 911 ne
895 867 976 930 opus
987 845 1117 931 quidem
1133 845 1315 931 conjectura

241 964 307 1036 est;
331 958 500 1023 videantur
523 979 633 1022 versus
658 960 742 1023 1355
767 979 856 1043 sqq.‚
881 958 936 1023 ubi
961 957 1128 1043 Euripidis
1150 959 1313 1039 dramata,

195 1151 196 1154 Ἴ
242 1071 359 1156 quibus
383 1069 562 1136 delectatur
579 1070 712 1156 juvenis
733 1070 1082 1156 Phidippides‚novae
1093 1073 1316 1159 philosophiae

242 1183 339 1268 nugis
363 1183 528 1265 imbutus,
553 1187 763 1268 opponuntur
784 1185 938 1269 antiquae
952 1184 1042 1269 poesi
1058 1184 1235 1252 Simonidis
1250 1187 1316 1248 Ae-

242 1295 429 1381 schylique‚
453 1316 552 1382 quam
573 1315 674 1360 senex
696 1295 837 1360 rusticus
861 1295 1000 1362 adamat.
1041 1296 1136 1363 Alter
1158 1307 1209 1362 est
1228 1299 1317 1363 locus

242 1431 338 1496 quem
362 1431 401 1474 ex
427 1408 577 1473 Nubibus
600 1407 681 1473 citat
705 1407 867 1495 Diogenes
893 1408 1041 1475 Laertius
1065 1409 1189 1475 11:18:

445 1518 617 1607 Εὐριπίδης
639 1518 665 1586 δ’
687 1525 704 1586 ὁ
726 1523 784 1597 τὰς
805 1519 985 1609 τραγῳδίας
1006 1528 1106 1590 ποιῶν

443 1638 501 1711 τὰς
522 1635 761 1723 περιλαλούσας
782 1639 878 1713 οὗτός
900 1641 963 1704 ἐστι
985 1640 1043 1714 τὰς
1058 1641 1178 1726 σοφάς.

247 1751 309 1818 Sed
334 1775 435 1840 quum
459 1753 498 1817 de
518 1772 556 1817 eo
580 1751 650 1817 loco
673 1775 714 1817 an
737 1752 781 1818 sit
803 1776 821 1818 a
842 1752 993 1850 Nubibus
1017 1754 1203 1838 desumtus,
1224 1762 1256 1820 et
1279 1755 1318 1819 de
1396 1826 1397 1829 Ἴ

242 1864 311 1949 ejus
337 1887 411 1931 vera
432 1866 581 1951 lectione,
605 1890 720 1954 parum
732 1874 859 1934 constet
871 1871 894 1952 ¹,
910 1870 1049 1937 missum
1060 1893 1135 1936 eum
1146 1871 1316 1952 faciamus,

242 1977 416 2064 potiusque
438 2002 661 2048 recenseamus
678 1983 764 2048 locos
778 1983 832 2047 ubi
847 1989 979 2048 taxatur
1001 1983 1142 2049 Socratis
1155 1983 1315 2068 impietas.

289 2091 416 2156 Passim
451 2093 534 2158 illud
568 2093 717 2180 ἀσεβείας·
755 2095 875 2160 crimen
916 2095 1054 2159 occurrit
1086 2118 1142 2180 per
1173 2095 1317 2160 Nubium

244 2205 407 2285 fabulam3
433 2208 479 2273 sio
504 2231 550 2272 vs.
576 2211 640 2272 247
668 2209 814 2274 Socrates
839 2208 937 2274 dicit:

444 2334 558 2405 ποίους
580 2328 670 2404 θεοὺς
692 2333 758 2410 ὀμεῖ
780 2333 832 2398 σῦ;
856 2334 984 2415 πρῶτον
1006 2330 1068 2416 γὰρ
1092 2325 1154 2392 θεοὶ

444 2435 516 2516 ἡμῖν
537 2434 659 2516 νόμισμ’
682 2435 737 2499 οὐκ
759 2434 834 2499 ἔστι·

244 2547 323 2614 item
348 2569 394 2614 vs.
422 2551 504 2613 367:

445 2669 538 2734 ποῖος
561 2663 650 2735 Ζεύς;
675 2663 713 2726 οὐ
734 2663 776 2744 μὴ
798 2661 959 2748 ληρήσεις·
982 2659 1049 2727 οὐδ’
1070 2662 1133 2728 ἔστι
1157 2663 1240 2734 Ζεύς·

245 2787 304 2830 nec
326 2787 391 2830 non
413 2788 460 2830 vs.
486 2770 551 2830 424
573 2787 637 2850 sq.:

285 2888 369 2954 ἄλλο
384 2917 412 2955 τι
430 2887 494 2966 δῆτ’
508 2888 566 2954 οὖν
584 2898 701 2972 νομιεῖς
715 2887 772 2966 ἤδη
789 2888 863 2956 θεὸν
881 2887 974 2956 οὐδὲν
994 2887 1082 2965 πλὴν
1094 2887 1173 2974 ὅπερ
1183 2889 1280 2970 ἡμεῖς,

284 2997 319 3060 τὸ
333 2997 420 3071 Χάος
430 3000 515 3061 τουτὶ
528 3001 574 3062 καὶ
586 2997 644 3071 τὰς
657 2996 799 3082 Νεφέλας
809 3002 856 3062 καὶ
867 2999 925 3073 τὴν
936 2997 1096 3066 Pitanae,
1108 2999 1177 3082 τρία
1188 2997 1289 3062 taurii

245 3112 358 3196 Neque
380 3111 444 3176 alio
467 3110 507 3175 de
534 3131 632 3175 causa
655 3089 805 3176 *Socrates
827 3118 960 3177 vocatur
983 3115 1001 3174 ὁ
1023 3107 1150 3184 Μήλιος
1174 3127 1219 3170 vs.
1243 3106 1320 3186 830,

246 3247 346 3311 quum
380 3244 489 3289 revera
520 3220 653 3287 Atticus
685 3227 788 3304 esset,
820 3221 885 3286 nisi
916 3221 993 3308 quia
1021 3219 1198 3304 Diagoras,
1225 3224 1321 3282 notus

197 3365 199 3368 ’
246 3338 378 3419 atheus,
403 3335 490 3402 Melo
513 3343 582 3401 erat
606 3333 770 3400 oriundus.

246 3529 377 3593 Leguntur·
401 3527 426 3575 hi
451 3541 537 3576 sersus
563 3526 589 3574 in
615 3526 692 3576 Vitae
718 3525 846 3588 Euripidis
868 3525 952 3583 initio,
969 3526 990 3574 si
1008 3533 1075 3574 recte
1092 3524 1172 3572 locum
1189 3521 1225 3570 ita
1241 3501 1346 3570 emen·¹

245 3618 314 3666 davit
329 3617 360 3668 G.
377 3615 532 3674 Dindorfrus,
549 3625 575 3664 et
592 3616 668 3679 Diog.
686 3614 769 3664 Labrt.
786 3615 863 3664 Vitae
879 3615 949 3668 Socr.
966 3616 1030 3671 inita
1044 3616 1083 3664 vd.
1094 3611 1212 3662 Diodori.
1224 3613 1254 3660 ad
1264 3609 1323 3660 Ari·

248 3708 329 3772 steph.
347 3707 436 3772 fragm.
454 3721 511 3770 pag.
529 3708 580 3755 llllv
595 3707 632 3756 ed.
650 3705 733 3757 Oxou.

279 3796 356 3861 Apud
372 3796 513 3859 Diogenem
529 3795 657 3844 Latinium
675 3794 767 3844 ibidem
784 3793 913 3856 Euripidis
931 3792 1075 3857 tragoediae
1092 3792 1210 3841 dicuutur
1226 3806 1325 3854 carpa-

247 3887 376 3954 τόγομφαι.

281 3976 289 4009 ¹
322 3975 409 4038 Quum
436 3975 462 4023 in
486 3973 597 4024 Nubium
618 3974 763 4024 recensione
780 3987 854 4036 quarn
871 3971 992 4021 habemus
1009 3985 1059 4020 non
1076 3970 1176 4034 legatur
1192 3968 1239 4017 hoc
1255 3967 1325 4017 disti·

246 4067 323 4125 chon,
348 4063 531 4116 Valckenarius
548 4065 629 4114 Diatr.
647 4078 701 4126 cap.
717 4063 735 4112 2
751 4077 809 4126 pag.
829 4064 859 4112 14
875 4062 991 4124 opinatus
1008 4067 1058 4118 est,
1075 4074 1107 4109 ex
1123 4058 1202 4108 altera
1215 4056 1324 4106 editione

248 4169 301 4204 esse
321 4155 475 4214 desumtum,
498 4154 575 4204 simul
591 4155 725 4204 emendans
743 4152 897 4217 Εὐριπίδου,
915 4160 943 4200 ut
960 4151 991 4200 de
1007 4151 1109 4200 Socrate
1126 4149 1231 4199 dicatur.
1264 4148 1326 4206 Alii,

248 4245 310 4294 nihil
335 4255 471 4304 mutantes,
497 4246 554 4295 inde
579 4243 689 4294 efficiunt
713 4243 862 4306 Euripidem
887 4242 1032 4306 apparuisse
1057 4241 1083 4289 in
1108 4238 1191 4304 priore
1214 4238 1325 4308 Nubium

249 4335 407 4395 recensione;
431 4335 503 4385 multi
529 4335 635 4398 denique
659 4333 741 4382 locum
767 4331 837 4381 illum
864 4345 877 4380 e
903 4331 1017 4381 Nubibus
1037 4330 1144 4394 petitum
1161 4341 1215 4379 esse
1232 4337 1326 4391 negant
1383 4375 1386 4384 ,

248 4427 299 4486 (vd.
316 4427 452 4476 Hermann.
469 4425 563 4489 proleg.
580 4425 611 4472 ad
628 4417 727 4481 Nube's,
744 4438 802 4486 pag.
819 4421 887 4470 XIX
903 4422 941 4471 ed,
959 4420 1073 4480 alterium
1092 4419 1166 4470 Koclr
1177 4419 1325 4480 Einleituug
1396 4481 1398 4485 y

249 4516 279 4563 ad
297 4517 400 4565 eandem
417 4515 538 4573 fabulam,
555 4529 611 4578 pag.
627 4514 677 4578 ³6).

1170 4603 1188 4640 θ
