3258 5328
735 442 776 504 33

216 647 256 692 ex
298 626 433 714 prologo
473 633 550 694 nota
580 628 719 706 habent;
755 648 920 712 quumque
960 627 1092 693 fatalem
1135 633 1286 694 eventum

215 763 319 826 neque
343 741 458 808 evitari
481 763 585 828 neque
605 740 726 806 mutari
746 761 842 824 posse
863 739 985 822 sciant,
1009 742 1100 826 parvi
1117 741 1287 826 refertque

215 855 269 918 via
300 877 337 920 eo
371 854 509 940 denique
531 851 746 956 perveniatur.
797 851 957 938 Oedipus,
982 876 1079 939 quem
1102 854 1171 920 fata
1194 876 1287 939 prae-

216 967 374 1031 nunciant
396 966 568 1032 occisorem
590 966 693 1050 patris
717 965 784 1031 iore
808 972 841 1030 et
858 966 971 1031 matris
987 966 1169 1053 conjugem,
1187 968 1286 1033 etiam

216 1080 243 1142 si
274 1100 340 1144 non
369 1079 583 1168 ignoravisset-
617 1101 692 1145 suos
727 1079 870 1162 natales,
899 1088 1007 1145 tamen
1032 1080 1141 1167 aliqua
1163 1081 1286 1146 ratione

214 1193 388 1278 perductus
421 1200 508 1259 esset
537 1200 575 1258 ut
605 1200 732 1277 patrem
766 1174 943 1258 tiucidaret
973 1201 1007 1258 et
1037 1193 1151 1258 matris
1179 1201 1286 1259 torum
1387 1231 1390 1239 ,

214 1307 458 1385 conscenderet3
504 1306 704 1392 Hippolytus
749 1312 858 1370 tamen
898 1306 1006 1392 aliquo
1041 1307 1137 1371 modo
1170 1307 1286 1373 misere

214 1420 380 1506 periisset,
405 1421 552 1508 quamvis
577 1427 669 1506 pater
693 1441 757 1485 non
780 1419 865 1484 diris·
882 1441 957 1485 eum
980 1425 1164 1485 exsecratus
1185 1428 1284 1502 esset,

214 1541 247 1599 et
269 1534 316 1601 sic
338 1555 433 1620 porro
448 1535 468 1599 ¹.

258 1647 367 1714 Media
389 1648 491 1734 igitur
512 1648 565 1713 via
588 1654 638 1713 est
658 1648 819 1724 ineunda,
844 1670 942 1734 quam
965 1653 1074 1714 tamen
1097 1669 1162 1713 non
1181 1648 1287 1733 possit

214 1767 322 1827 tenere
357 1759 441 1844 nisi,
482 1767 520 1825 ut
552 1759 639 1844 dixi,
673 1760 728 1845 qui
759 1760 814 1845 pia
846 1765 971 1843 mente,
1005 1782 1043 1825 ea
1077 1781 1158 1846 quae
1190 1781 1286 1825 nemo

213 1874 318 1940 adhuc
348 1872 514 1938 intellexit
546 1894 580 1938 se
605 1893 732 1958 quoque
754 1872 878 1938 nescire
900 1873 1044 1958 patiens,
1071 1873 1285 1940 nihilominus

213 1986 334 2052 divinis
366 1985 556 2051 numinibus
581 1983 752 2050 hominum
775 1991 896 2051 sortem
918 1986 987 2071 regi
1010 1987 1138 2070 credat,
1161 1987 1217 2052 sed
1240 1988 1287 2053 ita

213 2105 250 2164 nt
279 2099 380 2165 simul
409 2099 630 2183 aliquatenus·
646 2098 737 2164 faber
760 2120 838 2163 suae
869 2099 1006 2186 quisque
1029 2099 1179 2165 fortunae
1203 2099 1247 2165 sit
1260 2107 1283 2165 ².

215 2211 251 2278 si
280 2233 317 2277 ea
352 2233 444 2276 mens
482 2210 582 2276 fuerit
624 2210 747 2295 tragico
787 2216 917 2297 poetae,
956 2213 991 2277 in
1033 2211 1102 2298 ejus
1136 2213 1284 2298 operibus

212 2325 318 2391 iatum
344 2325 406 2392 etsi
430 2346 494 2390 non
517 2323 622 2407 absit,
648 2345 714 2390 non
735 2324 836 2419 plane
857 2332 949 2391 extra
965 2325 1113 2392 homines
1124 2325 1285 2412 eritposi·

213 2445 301 2521 tum,
326 2438 382 2503 sed
406 2436 515 2522 potius
539 2437 573 2501 in
597 2437 742 2521 ipsorum
764 2436 949 2521 pectoribus
973 2438 1067 2524 quasi
1090 2437 1283 2504 nascivide-

213 2552 321 2617 bimus
344 2556 378 2616 et
395 2570 551 2631 crescere,
573 2548 673 2614 donec
683 2571 718 2615 se
732 2549 884 2642 evolvens
897 2550 1037 2616 adducat
1052 2555 1283 2638 καταστροφήν;

213 2685 253 2728 ex
281 2661 420 2748 ingeniis
444 2662 614 2727 hominum
638 2683 811 2748 eorumque
834 2662 1015 2730 actionibus
1039 2665 1209 2730 ethorum
1233 2686 1283 2729 se-

214 2775 317 2862 quelis
348 2774 468 2840 orietur
497 2780 612 2839 catena
643 2774 797 2840 continua
828 2796 998 2841 causarum
1028 2782 1061 2841 et
1092 2774 1282 2854 effectuum3

214 2897 247 2956 et
280 2889 308 2954 si
342 2887 471 2974 quando
505 2893 659 2972 appareat
691 2887 770 2954 deus
801 2889 834 2952 in
873 2910 985 2972 scena,
1020 2910 1085 2954 non
1116 2894 1284 2954 versutum

213 3000 493 3089 praestigiatorem
541 3021 600 3064 nos
644 2998 752 3065 videre
782 2991 990 3086 putabimus,
1025 3000 1082 3067 sed
1113 3001 1284 3067 coelestem

213 3138 345 3183 causam
368 3135 479 3180 eorum
503 3135 585 3199 quae
604 3113 674 3198 jam
688 3135 745 3199 per
757 3119 864 3180 totum
876 3114 989 3179 drama
1001 3135 1281 3200 conspexeramus,

214 3229 305 3314 cujus
327 3231 472 3314 potestas
491 3225 585 3292 nobis
609 3247 736 3291 sacrum
759 3227 923 3312 quendam
946 3227 1110 3292 horrorem
1133 3227 1280 3293 incutiat.

248 3489 255 3521 ¹
288 3490 354 3540 Illud
377 3489 526 3546 incommodi
551 3489 641 3552 magis,
657 3488 732 3538 etiarn
749 3489 774 3538 in
791 3488 919 3553 Euripidis
935 3504 1008 3553 qnam
1024 3490 1050 3538 in
1066 3497 1219 3540 caeterorum
1236 3498 1284 3540 tra-

213 3581 327 3644 gicorum
351 3579 440 3628 fabulis
465 3579 572 3628 incurrit
595 3581 620 3628 in
644 3578 742 3638 oculos,
767 3594 843 3643 quum
867 3578 924 3638 ille,
945 3586 973 3629 ut
989 3579 1113 3643 Lessingii
1130 3588 1186 3630 utar
1201 3581 1285 3630 verbis

214 3670 314 3733 (Hamb.
340 3670 454 3720 Dramat.
471 3669 516 3718 ΝΟ.
535 3669 586 3732 48),
604 3669 660 3718 “die
678 3668 801 3732 Riihrnng
818 3669 857 3718 die
873 3683 900 3718 er
917 3668 1116 3734 hervorbringen
1134 3653 1216 3719 woilic
1232 3669 1285 3718 sich

214 3759 299 3810 “nicht
322 3759 415 3809 sowohl
439 3758 574 3826 veraprach
600 3772 648 3807 von
670 3760 726 3808 darn
744 3774 794 3808 was
811 3758 950 3822 geschehen
967 3759 1039 3808 sollte
1056 3759 1092 3808 als
1109 3773 1157 3808 von
1174 3759 1218 3810 der
1235 3762 1286 3809 Art

213 3848 278 3897 “wie
295 3861 322 3897 es
338 3846 480 3911 geschehcn
497 3846 592 3896 sollte.''

246 3935 257 3967 ⁸
290 3936 537 3986 Pseudo-Sallustius
561 3937 609 4000 Ep.
633 3937 664 3984 ad
688 3935 761 3986 caes,
791 3939 801 3985 l
824 3937 870 3994 :i‚
893 3938 922 3985 2:
948 3937 989 3984 “in
1013 3938 1162 3986 carminibus
1188 3939 1285 4002 Appius

217 4026 332 4089 [Caecus]
359 4027 404 4083 ait,
428 4027 526 4075 fabrum
551 4040 605 4078 esse
629 4040 688 4074 suae
710 4040 832 4090 quemque
857 4024 995 4076 fortunae.''
1029 4026 1104 4076 Unde
1130 4027 1172 4078 W.
1189 4027 1286 4076 Teuffel

214 4116 286 4164 Rom.
304 4115 517 4180 Literaturgcsch.
534 4117 548 4178 ξ
564 4117 604 4174 88,
621 4118 638 4165 b
654 4116 719 4165 hunc
735 4114 810 4165 elficit
827 4116 965 4165 saturnium
983 4130 1093 4166 versum:

278 4237 280 4243 ι
425 4204 491 4254 saber
508 4207 565 4254 cute
582 4204 695 4254 fortunae
712 4232 743 4241 -
761 4204 929 4270 unusquisque
947 4214 983 4254 est
999 4204 1074 4268 ipsus.

731 4393 754 4404 vx
762 4392 840 4404 νννκκ
