3258 5328
809 433 847 492 10

293 613 464 696 Cleonem,
499 612 739 697 Hyperbolum,
779 635 845 679 uon
885 614 1025 700 amplius
1060 613 1247 680 infestasset
1286 613 1362 678 Ari·

291 726 486 812 stophanes‚
531 724 587 790 ubi
633 731 811 810 prostratos
850 727 973 792 videret
1014 728 1109 792 rebus
1143 726 1286 792 adversis
1311 726 1362 794 vel

290 845 394 905 morte
412 840 435 922 ¹,
466 838 655 924 Euripidem
680 840 778 904 etiam
803 844 968 906 mortuum
990 840 1097 906 vivere
1121 839 1283 905 intellexit
1305 861 1363 924 per

291 952 412 1038 scripta
443 972 501 1017 sua
517 954 528 986 ¹
537 977 545 1030 3
576 973 653 1016 nam
685 952 765 1018 satis
789 952 891 1018 bonae
913 953 1034 1018 mentis
1057 953 1088 1019 ei
1111 949 1180 1018 erat
1203 959 1241 1018 ut
1263 974 1360 1038 quem
1458 1027 1463 1030 ,

290 1065 402 1131 oderat
435 1071 468 1131 et
499 1064 717 1150 perniciosum
755 1065 983 1149 existimabat,
1026 1089 1090 1132 non
1132 1067 1212 1132 item
1253 1073 1362 1133 conte-

290 1188 432 1258 mneret;
456 1179 523 1245 imo
547 1180 766 1246 adversarium
790 1181 912 1247 sciebat
934 1181 1069 1264 fortem,
1097 1182 1179 1247 bene
1201 1186 1362 1246 armatum

290 1292 415 1378 sibique
437 1314 548 1377 parem
568 1293 589 1358 ³.

266 1427 269 1432 ·
333 1405 446 1492 Neque
480 1405 592 1470 mirari
615 1405 786 1490 debemus,
810 1407 845 1471 in
869 1407 1028 1493 eligendis
1052 1407 1127 1473 telis
1151 1408 1268 1493 quibus
1293 1413 1359 1472 tra-

288 1519 400 1603 gicum
428 1517 613 1584 confoderet
645 1540 710 1583 non
742 1520 789 1585 ita
812 1521 978 1586 difficilem
1002 1543 1036 1587 se
1060 1503 1262 1606 praestitisse
1285 1521 1360 1587 Ari-

290 1632 490 1717 stophanem.
540 1632 662 1698 Durius
696 1655 773 1699 sane
803 1633 904 1700 videri
926 1635 1032 1720 possit
1055 1644 1089 1700 et
1112 1657 1153 1701 ex
1178 1642 1362 1701 nostrorum

321 1906 328 1936 ¹
347 1907 397 1956 Vd.
419 1909 485 1956 Nnb.
505 1908 556 1957 549
572 1921 625 1971 sqq.
642 1909 682 1968 (de
699 1923 747 1971 quo
763 1908 817 1958 loco
833 1909 965 1972 insigniter
981 1909 1113 1973 aliquando
1130 1909 1224 1958 erravit
1248 1906 1280 1957 G.
1298 1908 1362 1956 Her·

288 2010 392 2046 mannus
417 1997 448 2045 de
472 1997 548 2048 Matr.
574 1998 605 2048 R.
631 2006 656 2045 et
681 1997 726 2048 Gr.
747 2013 771 2060 p.
796 1999 860 2056 380,
885 1999 983 2047 veriora
1008 2008 1091 2048 tamen
1113 1998 1242 2060 proferens
1260 1999 1286 2045 in
1302 2013 1362 2047 suae

288 2087 398 2136 Nubium
415 2086 528 2137 editionis
544 2089 702 2158 adnotatione
718 2090 749 2136 ad
765 2089 831 2137 hunc
847 2089 948 2150 locum),
964 2089 1059 2138 collatis
1075 2091 1133 2140 Pac.
1151 2090 1200 2138 648
1217 2104 1269 2153 sqq.

319 2177 377 2229 Nou
402 2177 492 2241 igitur,
517 2177 563 2226 nisi
588 2178 615 2224 in
640 2193 690 2227 uno
714 2177 846 2240 Euripide,
865 2178 994 2241 negligere
1011 2177 1105 2227 solebat
1122 2185 1280 2240 praeceptum
1297 2191 1361 2224 com-

288 2266 371 2314 munis
387 2261 558 2325 humanitatis,
575 2261 613 2314 ab'
625 2266 776 2315 Archilocho
792 2267 827 2313 sic
843 2281 1001 2328 expressum:

482 2355 575 2418 οὐγὰρ
592 2355 670 2403 ἐσθλὰ
688 2355 841 2404 κοτθανοΰσι
858 2358 984 2420 κερτομεῖν
1002 2354 1041 2405 ἐπ’
1059 2355 1191 2419 ἀνδράσιν,

289 2443 328 2490 vel
345 2450 373 2491 ut
389 2442 516 2506 Euripidis
532 2444 607 2492 citem
627 2458 739 2492 versum:

466 2532 506 2593 ⁸ri
522 2533 582 2588 τοὺς
599 2531 732 2590 θονόντας’
743 2533 789 2582 οὐκ
806 2533 849 2598 ἐᾷς
867 2531 1022 2593 retrusissem
1048 2534 1147 2596 (fragm.
1173 2549 1187 2582 a
1206 2533 1361 2596 Melanippe3

287 2623 337 2671 sos
355 2623 446 2685 wago.
462 2623 511 2671 mo
528 2622 616 2682 orne.)
635 2650 666 2658 -
683 2621 760 2686 soph.
776 2621 850 2684 Ajac.
868 2639 905 2671 vs.
926 2625 1000 2673 rece:
1297 2620 1299 2624 ·
1323 2612 1324 2619 ’

344 2689 348 2700 Δ
676 2711 756 2775 ἄνδρα
774 2711 794 2760 d'
812 2713 841 2760 οὐ
859 2713 955 2762 δίκαιον
961 2749 968 2774 ,
984 2712 1003 2760 εἰ
1021 2712 1109 2774 θάνοι,

482 2800 612 2862 βλάπτειν
630 2803 676 2850 τὸν
693 2802 797 2859 ἐσθλόν,
816 2800 866 2850 οὐδ’
884 2802 929 2850 ἐὰν
946 2807 1026 2866 μισῶν
1042 2804 1129 2868 ruppe.

322 2891 405 2944 'Scio
429 2893 556 2942 Ranarum
580 2905 615 2938 vs.
640 2891 689 2940 868
705 2905 740 2954 sq.
758 2891 831 2954 plane
847 2889 997 2939 contrarium
1013 2891 1148 2942 continere.
1181 2891 1291 2953 Tempus
1315 2889 1362 2939 fuit

289 2998 366 3046 quum
393 2983 449 3031 ideo
476 2980 551 3031 verba
575 2980 705 3044 Aeschyli:
734 2979 749 3040 ἡ
777 2982 877 3040 ποίησις
902 2981 959 3044 οὐχὶ
985 2979 1133 3041 συντέθνηκέ
1159 2998 1214 3043 μοι,
1238 2980 1320 3044 τούτῳ
1338 2979 1362 3027 δὲ

290 3073 454 3133 συντέθνηκεν
481 3078 579 3120 vertere
604 3069 707 3118 vellem:
729 3085 772 3118 ars
795 3072 897 3133 posttea
918 3085 969 3118 ooo
985 3070 1063 3118 στὀουί
1078 3085 1173 3119 macron
1190 3070 1254 3118 obttr
1271 3070 1362 3132 (super-

287 3163 385 3212 stitibus
401 3176 434 3210 sc.
450 3160 504 3209 aliis
519 3159 589 3208 bonis
606 3159 717 3223 tragicis)
733 3159 776 3208 sed
792 3160 871 3208 mmai
886 3173 944 3208 cam
961 3159 1006 3208 hoc
1022 3160 1097 3218 obiit,
1116 3161 1183 3223 quod
1198 3174 1286 3208 verum
1301 3165 1363 3217 eret,

288 3261 317 3302 ut
342 3253 394 3315 ipse
411 3265 507 3314 quoque
523 3249 650 3313 Dionysus
667 3264 740 3312 supra
756 3264 791 3298 vs.
807 3251 843 3316 71Ἰ
858 3265 909 3313 sqq.
927 3237 1039 3310 dixerat,
1055 3264 1114 3298 nam
1130 3249 1182 3298 fere
1198 3251 1285 3298 eodem
1301 3256 1363 3298 tem·

289 3357 348 3407 pora
364 3356 414 3405 quc
430 3339 572 3403 Euripides,
590 3339 687 3388 obierat
704 3339 850 3402 Sophocles,
867 3339 963 3388 abierat
982 3339 1163 3403 Agathon,nec
1171 3337 1225 3401 jam
1235 3345 1364 3403 supererat

289 3431 398 3495 tragicus
415 3429 556 3480 tolerabilis.
576 3454 606 3468 -
623 3428 672 3479 Sed
690 3434 774 3477 tamen
790 3428 871 3477 minus
889 3430 1028 3492 adaptatam
1044 3430 1123 3480 fateor
1139 3429 1202 3477 hanc
1217 3427 1363 3478 sententiam

290 3520 429 3579 contextui,
453 3520 535 3583 itaque
559 3525 654 3566 vertam
679 3518 761 3581 potius
784 3524 813 3566 ut
841 3518 933 3568 solent:
959 3534 1016 3567 urea
1039 3521 1107 3572 euim
1125 3533 1202 3589 opera
1219 3534 1270 3567 noa
1287 3519 1364 3567 amal

292 3627 387 3662 υυοοουι
410 3611 494 3658 obiere
518 3609 585 3671 (aere
611 3607 759 3670 perenniora
786 3606 893 3669 scripsi),
910 3607 986 3670 hujus
1002 3621 1062 3655 cero
1079 3608 1247 3671 scriptarum
1264 3607 1362 3672 lorsque-

290 3704 363 3750 uc'ora
383 3701 497 3762 fuerant
521 3675 591 3761 ipso:
616 3711 664 3760 quo
681 3696 768 3745 acerbo
786 3695 908 3759 Aeschyli
927 3693 985 3756 joco
1001 3710 1051 3744 nou
1068 3704 1150 3744 tamen
1166 3709 1250 3744 veram
1267 3695 1363 3745 Aristo·

292 3790 378 3856 phanis
392 3789 533 3852 opinionem
550 3785 657 3850 exprimi
675 3794 743 3849 puto.

325 3879 403 3929 ³viu
434 3877 535 3940 Proleg.
559 3875 591 3924 ad
613 3874 746 3937 Aristoph.
775 3874 844 3924 XHI
861 3873 938 3923 Dind.
956 3874 998 3936 (=
1014 3874 1101 3937 fragm.
1119 3876 1179 3933 397;
1198 3873 1272 3922 schol.
1290 3873 1359 3922 Plat.

292 3984 349 4033 pag.
365 3970 416 4030 330
430 3966 521 4029 Bekk.)
540 3964 581 4014 ubi
601 3963 698 4014 Cratini
717 3963 743 4011 hi
760 3978 848 4012 versus
863 3963 985 4012 citantur:
1046 3970 1048 3975 ·

485 4056 523 4114 τίς
541 4055 566 4104 δὲ
583 4055 612 4102 σὺ
630 4053 769 4118 κομψὸς...
793 4072 831 4110 τις
849 4055 928 4117 ἔροιτο
947 4053 1046 4113 θεατής·

484 4143 705 4208 ὑπολεπτόλογος,
723 4141 917 4208 γνωμιδιώκτης,
935 4141 1238 4206 εὐριπιδοριστοφονίζῳν.

292 4248 318 4287 et
335 4236 410 4300 ipsius
427 4233 604 4298 Aristophanis
620 4233 668 4281 hoc
683 4217 817 4282 distichon:

367 4362 370 4366 .
459 4340 465 4358 “
486 4329 583 4388 χρῶμαι
600 4324 647 4387 γὰρ
664 4323 743 4372 αὐτοῦ
760 4325 805 4371 τοῦ
823 4323 949 4386 στόματος
966 4321 1002 4384 τῷ
1019 4318 1178 4383 στρογγύλῳ,

488 4416 547 4470 τοὺς
564 4415 623 4469 νοῦς
642 4410 661 4460 d'
680 4412 815 4476 ἀγοραίους
832 4409 909 4470 ἦττον
925 4410 940 4469 ὴ
958 4407 1046 4466 ’κεῖνος
1064 4411 1138 4456 ποιῶ.

294 4505 320 4552 in
337 4517 384 4567 quo
401 4501 607 4565 vituperationem
623 4501 748 4563 praecedit
763 4501 817 4549 laus
835 4500 889 4552 f¹ori
906 4498 1025 4548 rotundo·
1044 4499 1171 4562 Euripidis
1190 4499 1290 4548 tributa.
