3284 5338
714 459 720 470 ‘
839 475 938 548 140¹

363 655 502 716 Cratinus
533 655 634 718 eedem
665 655 818 736 Euripidis
839 657 929 718 verbe
949 658 1056 719 lascive
1076 658 1121 718 ito
1141 657 1282 720 reddidit:

480 751 605 818 πῖνονσ’
627 751 680 818 ἀπ’
702 751 860 838 ιἰγκύλης,
882 753 1111 836 ἐπονομάζουσ’
1136 753 1210 832 (ἀεὶ)

479 849 544 922 ἵησι
567 846 711 932 λάταγας
731 851 775 933 τῷ
796 844 956 934 Κορινθίῳ
975 851 1046 914 πέει·

321 939 367 1000 Cf.
388 938 531 1003 Veloken.
555 941 651 1002 Distr.
673 960 702 1021 p.
728 943 797 1003 205.

1052 1023 1163 1086 (nsgm.
1181 1024 1229 1076 scr
1247 1024 1336 1087 nine.)

359 1177 555 1256 Thesmoph.
577 1195 620 1236 vs.
646 1180 702 1235 411
726 1192 805 1255 sqq.:

966 1267 1068 1346 οὐδεὶς
1089 1274 1191 1356 γέρων

480 1377 589 1453 γαμεῖν
611 1365 691 1432 θέλει
713 1375 846 1452 γυναῖκα
869 1362 918 1432 διὰ
940 1363 1059 1442 ταύπος
1079 1363 1150 1430 τοδί
1160 1386 1166 1400 ·

480 1459 649 1528 “diacoma
670 1462 733 1549 γὰρ
756 1463 882 1549 γέροντι
904 1465 1024 1547 νυμφίῳ
1047 1463 1160 1547 γυνή.”

358 1557 450 1632 (Cum
471 1556 518 1617 his
538 1557 575 1616 cf.
598 1555 710 1616 Eccles.
731 1574 775 1616 vs.
798 1557 882 1632 323.)
1156 1545 1166 1570 ⁸

361 1653 406 1712 De
426 1653 491 1712 loco
512 1651 674 1730 Euripideo
693 1650 814 1712 uberius
833 1651 896 1730 egit
914 1651 1058 1714 Valcksn.
1074 1651 1171 1712 Dictr.
1185 1670 1252 1730 pag.
1269 1655 1327 1714 272
1342 1671 1401 1731 sq.;

320 1753 364 1808 est
395 1747 596 1825 fragmentum
623 1765 639 1806 e
671 1745 834 1818 Phoenice,
865 1753 1015 1807 servatum
1047 1745 1126 1825 apud
1159 1745 1318 1807 stobaeum
1350 1753 1400 1822 71,

320 1842 399 1922 quod
424 1841 503 1901 varie
528 1846 573 1902 ost
593 1845 756 1915 mutatnm3
777 1841 997 1921 simplicissime
1018 1841 1162 1920 legitera
1182 1841 1400 1902 Boissonncdio

322 1944 352 1998 et
375 1937 453 1998 aliis:
1016 1969 1020 1984 ·

481 2030 648 2120 μοχθηρόν
671 2034 754 2096 ἐστιν
776 2027 867 2119 ἀνδρὶ
888 2028 1053 2119 πρεσβύτῃ
1072 2033 1162 2096 τέκνα

481 2124 608 2195 δίδωσιν
629 2130 717 2202 ὅστις
738 2124 838 2191 οὐκέθ’
861 2128 965 2214 ὡραίῳ
985 2134 1108 2212 γαμεῖν·

480 2221 630 2290 δέσποινα
650 2223 714 2310 γὰρ
736 2225 861 2309 γέροντι
884 2227 1005 2308 νυμφίῳ
1026 2227 1119 2309 γυνή·

339 2318 458 2396 Wssgss·t
478 2315 645 2405 μοχθηρὸν
665 2317 690 2382 εῖ
710 2344 757 2391 τις
777 2317 806 2382 ἆ·
829 2345 861 2381 π·
884 2345 910 2380 τ.

479 2408 622 2485 θῖθωσιν,
645 2414 743 2498 ὅσπερ
766 2407 866 2476 οὐκέθ’
890 2412 1004 2498 ὡραῖος
1025 2422 1144 2499 γαμεῖν·

480 2503 507 2572 δ’
530 2535 587 2572 m
1045 2586 1159 2651 (Frsgm.
1175 2587 1221 2637 801
1241 2588 1331 2651 Dind.)

297 2707 299 2712 -
358 2667 487 2727 Omnino
515 2684 583 2726 cum
605 2665 659 2725 hoc
680 2665 745 2726 loco
766 2664 997 2743 comperandum
1018 2665 1229 2745 Aristophanis
1250 2667 1400 2746 fragmen-

320 2767 385 2821 tum
407 2766 464 2823 497
488 2759 592 2821 Dind:

478 2860 614 2945 αἶσγραὸν
637 2859 688 2941 νῖρ
710 2862 831 2944 γυναικὶ
855 2855 1039 2944 πρεσβύτης
1061 2858 1156 2946 ἀνήρ,

317 2971 406 3031 quem
425 2971 543 3012 versum
563 2951 601 3012 ab
622 2950 767 3029 Euripide
787 2956 942 3011 mutuatus
963 2957 1025 3024 est,
1047 2951 1139 3030 hujus
1160 2952 1240 3012 enim
1256 2972 1291 3012 ex
1303 2952 1398 3013 Phoe·

317 3046 383 3108 nice
413 3054 442 3107 et
475 3047 577 3108 Danae
608 3046 665 3106 loci
696 3065 713 3106 a
744 3045 870 3106 stobaeo
901 3045 1013 3106 ibidem
1040 3048 1149 3107 servati
1173 3053 1258 3120 sunt,
1280 3048 1333 3108 ubi
1355 3049 1397 3108 sic

317 3140 483 3219 legebatur:

477 3240 589 3325 πικρὸν
611 3240 663 3322 νέρ
684 3235 808 3321 γυναικὶ
830 3233 1015 3324 πρεσβύτης
1037 3236 1127 3324 ἁνήρ·
1153 3272 1192 3280 -

477 3336 601 3418 γυναικί
621 3335 647 3395 τ’
668 3330 786 3419 ἐχθρὸν
808 3342 912 3418 χρῆμα
934 3330 1119 3418 πρεσβύτης
1142 3332 1231 3420 ἁνήρ.

937 3425 1049 3490 (Frsgm.
1066 3427 1117 3476 sot
1133 3440 1159 3476 es
1175 3429 1224 3478 319
1239 3427 1328 3489 Diod.)

359 3602 443 3668 reid.
465 3621 507 3663 vs.
530 3607 588 3663 518
611 3620 654 3680 sq.
686 3601 902 3674 Mnesilochus,
933 3601 988 3662 sub
1019 3603 1154 3663 mulieris
1180 3603 1275 3682 specie
1307 3602 1396 3662 Enri-

317 3699 416 3778 pidem
438 3697 610 3770 defendens,
634 3698 676 3758 sic
696 3699 860 3760 orationem
881 3697 1045 3758 concludit:

597 3804 599 3807 ’
639 3791 704 3879 κᾷτ’
726 3789 878 3882 Εὐριπίδη
902 3790 1093 3877 θυμούμεθα,

478 3885 569 3954 οὐδὲν
589 3885 744 3952 παθοῦσαι
765 3887 871 3971 μεῖζον
892 3886 911 3961 ἢ
933 3883 1134 3974 δεθρύκαμενς

317 4001 392 4060 quoe
421 3982 554 4043 scholion
579 3980 653 4041 dicit
682 3980 880 4041 imitationem
905 3999 967 4041 esse
992 3980 1097 4050 horum
1123 4001 1138 4042 e
1169 3982 1300 4061 Telepho
1329 4003 1394 4042 ver-

319 4077 435 4137 borum:

769 4171 832 4235 εἶτα
854 4167 891 4246 δὴ
914 4168 1107 4255 θυμούμεθα,

479 4264 633 4341 παθόντες
653 4262 743 4331 οὐδὲν
763 4266 869 4348 μεῖζον
891 4265 916 4340 ἢ
932 4262 1127 4353 δεθρακύτεςς
1192 4259 1194 4262 ¹

1045 4361 1157 4425 (Frsgm.
1174 4363 1223 4414 712
1238 4362 1327 4424 Dind.)

358 4524 440 4588 loir.
462 4541 503 4582 vs.
527 4525 585 4583 574
606 4513 668 4601 sqq.
692 4520 764 4598 quin
786 4521 914 4600 aliquam
935 4521 1106 4582 contineant
1125 4523 1278 4602 parodism
1289 4525 1392 4585 nullus
1457 4606 1460 4612 ,
