3258 5328
857 453 896 513 74

613 643 673 700 καί
696 636 1035 722 κατερρινημένον
1054 632 1075 704 ¹,

612 743 668 806 τὸν
690 738 716 806 δ’
737 739 916 805 ἀνασπῶντ’
937 739 1162 824 αὐτοπρέμνοις

610 854 678 919 ταῖς
698 845 846 931 λόγοισιν

611 950 783 1031 ἐμπεσόντα
805 944 984 1014 σνσκεδῖιν’
1004 944 1083 1011 πολ·

611 1052 674 1128 λᾶς
694 1049 889 1140 ἀλινδήθρας
910 1055 1002 1118 ἐπῶν·

380 1195 514 1280 Incepto
534 1198 642 1259 autem
664 1193 856 1277 certamine,
871 1192 1044 1279 Euripides
1056 1213 1154 1277 quam
1166 1192 1253 1258 viam
1266 1193 1301 1257 in
1314 1215 1402 1259 com-

332 1308 491 1395 ponendis
522 1306 696 1392 tragoediis
729 1307 838 1372 inierit
861 1313 990 1373 enarrat
1013 1307 1076 1390 (vs.
1102 1308 1166 1372 939
1190 1307 1290 1392 squ),
1316 1312 1349 1371 et
1368 1307 1403 1370 in

333 1426 398 1490 fine
430 1407 586 1488 drationis
618 1420 723 1506 jactat
754 1421 840 1487 cives
873 1443 892 1486 a
925 1441 960 1486 se
992 1417 1104 1484 λαλεῖν
1134 1418 1286 1487 didicisse
1321 1420 1402 1504 (uti-

335 1559 421 1620 nam,
445 1534 577 1622 subjicit
599 1533 799 1618 Aeschylus,
812 1534 903 1620 prius
916 1534 1083 1620 disruptus
1096 1534 1201 1600 essesl
1215 1534 1257 1620 ³),
1275 1538 1309 1599 et
1323 1532 1401 1598 artis

333 1649 509 1716 rhetoricae
536 1646 754 1730 subtilitates,
789 1669 868 1734 quas
901 1669 979 1714 mox
1005 1647 1104 1712 etiam
1128 1668 1163 1712 se
1184 1646 1266 1712 bene
1288 1645 1402 1711 callere

335 1760 496 1841 ostendit,
521 1780 623 1843 quum
649 1757 860 1845 Chodphordn
886 1759 1018 1826 initium
1046 1759 1282 1843 reprehendens
1299 1759 1403 1825 utitur

334 1871 556 1959 grammaticis
588 1872 726 1958 argutiis
759 1895 806 1938 vs.
841 1875 924 1938 1167
960 1894 1007 1958 sq.
1030 1875 1052 1937 ⁴.
1102 1871 1269 1938 Gloriatur
1304 1871 1400 1936 disci-

334 1987 421 2074 pulis
459 2009 493 2052 se
529 1986 658 2072 dignis,
698 1987 912 2064 Theramene,
953 1986 1179 2072 Olitophonte3
1221 2008 1322 2073 quum
1363 2009 1403 2052 ex

336 2101 489 2185 Aeschyli
511 2099 685 2186 disciplina
710 2099 890 2185 prodierint
916 2099 1118 2166 Phormisius
1143 2105 1177 2164 et
1192 2099 1402 2185 Megaenetus

337 2214 392 2280 ille
412 2212 560 2279 stolidior
580 2235 681 2278 servo.

382 2327 522 2409 Questus
555 2335 663 2393 autem
696 2327 876 2410 Aeschylus
908 2327 970 2410 (vs.
1006 2328 1090 2390 1069
1123 2327 1210 2412 sqq.)
1243 2325 1283 2390 de
1306 2325 1405 2410 λαλιᾷ

337 2442 409 2523 ἰίία,
445 2441 485 2506 ab
516 2439 674 2525 Euripide
705 2439 948 2521 commendata,
989 2461 1070 2525 quae
1101 2461 1218 2506 vacuas
1248 2438 1404 2505 reddebat

336 2552 513 2639 palaestras
550 2557 584 2617 et
619 2573 723 2618 mores
763 2573 935 2636 puerorum
974 2552 1217 2637 corrumpebat,
1263 2552 1404 2637 denique

337 2666 497 2732 exclamat
520 2665 582 2747 (vs.
610 2667 694 2730 1083
719 2666 823 2750 sqq.):

370 2878 378 2909 ¹
413 2877 504 2928 blicam
529 2876 740 2941 perturbationem
764 2875 791 2925 in
815 2875 887 2940 hujus
910 2875 959 2926 loci
982 2876 1184 2942 interpretatione
1201 2877 1280 2926 movit
1295 2876 1405 2940 Spanhe·

337 2969 414 3028 mins,
438 2982 468 3018 sa
491 2981 554 3032 quse
579 2967 609 3016 de
635 2966 754 3031 Euripide
775 2967 892 3018 dicuntur
912 2967 945 3016 ad
961 2966 1116 3031 Aeschylum
1131 2974 1244 3030 spectare
1258 2974 1363 3030 putans,
1380 2975 1407 3017 et

337 3057 543 3123 κατερρινημένον
559 3064 657 3106 vertens
674 3057 733 3106 deae
750 3060 907 3119 οοαιρααίιιια
922 3069 999 3119 quum
1011 3055 1300 3120 significetpecpolituon.
1316 3057 1408 3120 Neque

336 3161 386 3212 quo
402 3154 518 3211 provocat
534 3147 587 3197 loco
604 3145 695 3197 Aeseh.
713 3144 800 3208 Suppl.
818 3158 855 3194 vs.
871 3143 920 3196 747
930 3133 1000 3194 alite'r
1011 3151 1116 3203 vertam
1128 3142 1247 3208 βραχίον’
1258 3145 1407 3208 εὖεοτερρι-

338 3235 438 3299 νημένοι
454 3235 489 3284 ibi
504 3236 619 3284 dicuutur
635 3235 727 3284 milites
743 3233 831 3298 quibus
846 3233 947 3282 brachia
960 3235 1055 3293 αίίίιίο,
1071 3233 1137 3297 quod
1144 3233 1290 3282 vocabulum
1301 3233 1409 3283 latinum

338 3323 397 3372 item
420 3324 533 3386 designat
555 3329 638 3373 cutem
662 3337 720 3372 cum
745 3322 807 3371 bene
831 3327 955 3378 curcum,
977 3321 1163 3384 splendentem,
1178 3329 1232 3371 tum
1249 3322 1323 3371 etism
1341 3337 1406 3386 quae

338 3413 426 3461 bonam
442 3413 608 3466 valetudinem
623 3419 650 3462 et
665 3414 740 3461 robur
755 3412 855 3462 iudicat.

371 3500 383 3532 ²
415 3501 541 3552 Σνσκεδᾶν
569 3509 641 3551 verto
668 3497 803 3566 disjicere,
829 3513 919 3564 nempe
946 3501 1023 3550 verba
1051 3502 1082 3550 ab
1108 3502 1249 3550 adversario
1274 3503 1410 3553 artificiose·
1497 3512 1503 3533 ⁶

338 3591 474 3655 conjuncta.

371 3679 381 3712 ³
413 3679 473 3730 «Iam
498 3685 555 3728 ante
582 3695 617 3730 vs.
643 3679 693 3729 916
717 3679 845 3742 Dionysus
869 3682 965 3731 dixerut
982 3681 1028 3745 ἐγὼ
1046 3680 1066 3730 δ’
1083 3682 1184 3746 ἔχαιρον
1202 3684 1234 3746 τῇ
1251 3684 1347 3747 σιωπῇ,
1365 3684 1407 3732 καί

339 3787 367 3832 με
385 3767 451 3818 τοῦτ’
468 3770 570 3832 ἔτερπεν
588 3768 636 3831 οὐχ
653 3766 731 3829 ἦττον
749 3769 763 3827 ἢ
781 3772 829 3818 νῦν
846 3771 869 3819 οί
885 3771 1031 3829 λαλοῦντες.

373 3857 414 3909 Βία
438 3857 512 3906 etiam
534 3872 570 3906 vs.
593 3858 627 3907 89
651 3858 772 3908 Hercules
797 3861 828 3908 de
850 3859 1027 3910 recentioribus
1052 3860 1131 3922 poetis
1154 3860 1255 3923 tragicis
1274 3861 1408 3912 admodum

339 3948 427 3998 acerbe
443 3953 621 4012 percunctatur
637 3946 789 4009 Dionysum:

566 4037 657 4086 οὔκουν
672 4033 732 4100 ἕτερ’
749 4035 799 4087 ἔστ’
815 4037 926 4087 ἐνταῦθα
942 4037 1115 4102 μειρακύλλια,
1214 4075 1217 4080 ,

566 4124 706 4190 τραγῳδίας
724 4127 847 4175 ποιοῦντα
867 4126 939 4175 πλεῖν
955 4126 972 4185 ὴ
988 4127 1093 4191 μορίας,

566 4212 704 4278 Εὐριπίδου
722 4215 797 4262 πλεῖν
813 4214 829 4272 ὴ
847 4213 941 4277 σταδίῳ
959 4215 1111 4279 λαλίστερα;

373 4305 383 4336 ⁴
417 4305 457 4353 Ad
474 4318 546 4367 quem
563 4304 643 4354 locum
660 4312 797 4366 opportune
815 4303 875 4352 citat
886 4303 995 4354 Rectius
1007 4303 1120 4354 Platonis
1131 4304 1231 4364 Protag.
1244 4318 1299 4366 pag.
1313 4304 1360 4353 337
1373 4303 1411 4360 A,

341 4395 383 4444 nbi
400 4396 478 4444 facete
493 4393 595 4455 loquens
610 4392 735 4443 inducitur
751 4393 880 4450 Prodicus,
898 4392 1025 4456 Euripidis
1041 4393 1172 4457 magister,
1190 4393 1310 4444 similium
1329 4407 1407 4456 argu-

343 4488 433 4536 tiarum
450 4488 559 4532 venator,
