3258 5328
855 428 895 490 32

383 610 456 676 Non
490 615 569 695 puto
599 609 748 696 pluribus
772 608 931 697 exemplis
956 631 1007 676 me
1031 610 1176 701 indigere
1199 611 1316 698 quibus
1339 633 1408 678 rem

338 725 565 790 demonstrem.
590 723 740 788 Addalur
762 743 863 788 unum
881 728 1000 789 tamen.
1035 722 1075 788 ln
1087 721 1331 790 Andromaches
1343 725 1409 790 fine

266 861 270 866 ·
337 838 447 903 Thetis
471 837 581 919 adest,
605 845 639 902 et
659 837 814 903 miserum
837 857 947 902 senem
973 835 1086 920 Pelea,
1108 836 1165 922 qui
1188 836 1349 922 projectus
1373 838 1408 903 iu

337 950 502 1035 pulverem
531 948 628 1015 deflet
650 948 793 1015 excisum
821 947 975 1013 ultimum
998 949 1050 1015 sui
1072 949 1200 1034 generis
1224 950 1407 1030 surculum,

337 1063 474 1129 mirifico
511 1062 607 1128 modo
649 1060 850 1127 corisolatur:
886 1083 1003 1148 nempe
1035 1062 1131 1129 deum
1161 1062 1257 1146 facit,
1290 1083 1408 1149 purum

337 1187 453 1261 putum
477 1175 574 1241 deum
597 1174 814 1241 immortalem
838 1177 901 1260 (vs.
931 1178 1044 1259 1256),
1061 1175 1319 1261 redintegraturo
1334 1199 1408 1243 cum

338 1311 375 1355 ao
414 1289 560 1376 nuptias,
600 1311 656 1374 per
694 1289 911 1376 quadraginta
950 1291 1065 1374 opinor
1100 1310 1202 1355 annos
1244 1289 1407 1356 intermis-

338 1424 399 1468 sas.
441 1403 542 1468 Divae
560 1403 663 1488 jussis
685 1404 913 1491 obtemperans
937 1404 1054 1470 Peleus
1076 1407 1165 1470 παύει
1176 1402 1291 1480 λύπην.
1316 1395 1409 1490 Rogo

338 1527 466 1584 tamen:
491 1525 641 1603 potestne
665 1519 779 1603 homo,
803 1520 854 1586 vel
878 1520 937 1585 deo
956 1517 1111 1604 jubente,
1129 1539 1248 1604 ponere
1263 1518 1410 1583 luctum?

340 1631 453 1698 Unum
485 1630 606 1696 dixeris
637 1639 766 1717 tempus
796 1653 892 1717 posse
917 1631 1075 1697 obducere
1100 1631 1265 1697 cicatrices
1288 1629 1410 1696 talibus

338 1746 544 1828 vulneribus,
568 1767 633 1811 non
653 1767 728 1812 vero
754 1745 899 1812 sufficere
922 1753 957 1812 ut
979 1745 1097 1833 aliquis
1121 1765 1310 1830 superorum
1323 1741 1428 1836 dicat·

278 1855 280 1860 ’
341 1861 407 1923 “ne
430 1857 547 1944 luge,”
574 1860 615 1925 ad
638 1859 806 1927 siccandas
832 1860 981 1926 lacrimas
1004 1860 1045 1926 ob
1060 1867 1192 1946 gentem
1204 1857 1268 1925 cari
1281 1856 1410 1942 nepotis

339 1974 435 2038 caede
457 1975 636 2040 extinctam
663 1974 812 2041 fluentes.
1125 2061 1128 2069 Ι

385 2088 425 2153 In
454 2088 504 2152 his
537 2088 632 2154 rebus
660 2088 788 2173 justum
822 2088 953 2154 modum
989 2094 1097 2154 tenere
1127 2107 1193 2153 non
1224 2087 1319 2151 datur
1346 2083 1410 2147 nisi

339 2201 442 2267 menti
464 2201 552 2287 piae,
578 2223 652 2266 vera
673 2201 818 2266 numinis
839 2201 1018 2266 reverentia
1040 2201 1202 2284 imbutae,
1226 2207 1410 2286 propterea-

339 2335 402 2402 que
430 2336 450 2380 a
473 2316 640 2381 subtiliore
663 2315 783 2381 dedeo
807 2316 858 2381 vel
882 2316 921 2380 de
945 2315 1008 2381 diis
1032 2315 1253 2401 disputatione
1274 2314 1408 2380 alienae.

340 2427 453 2514 Neque
485 2428 693 2515 antiquorum
725 2450 828 2514 neque
859 2431 1074 2495 recentiorum
1087 2427 1091 2438 '
1105 2429 1256 2517 cuiquam
1288 2426 1411 2494 solvere

340 2540 480 2626 contigit
508 2542 659 2626 aenigma
692 2541 792 2625 illud,
818 2543 979 2627 quomodo
1003 2543 1157 2630 conjungi
1178 2543 1284 2628 possit
1303 2540 1410 2606 homi-

342 2674 422 2718 num
444 2653 577 2720 libertas
601 2677 674 2720 uum
697 2656 828 2722 coelesti
855 2664 1017 2742 potestate
1038 2679 1103 2743 qua
1117 2656 1410 2740 omuiareguntur3

340 2767 381 2832 de
413 2788 479 2852 qua
509 2789 543 2831 re
577 2767 663 2832 inter
703 2767 906 2834 Christianos
926 2790 1053 2855 quoque
1072 2769 1164 2853 justo
1184 2766 1329 2833 acerbius
1349 2788 1411 2853 pu-

340 2885 478 2964 gnatum
505 2886 571 2964 est,
595 2879 748 2966 dogmate
770 2880 1077 2965 praedestinationis
1100 2879 1279 2945 multorum
1301 2878 1411 2944 incen-

342 2993 439 3058 dente
466 2991 601 3058 animos.
652 2993 687 3059 si
708 2994 819 3059 omnia
837 2993 955 3060 reseras
979 2994 1020 3059 ad
1042 3014 1212 3079 supremae
1232 2990 1412 3058 voluntatis

343 3106 530 3190 arbitrium,
554 3111 661 3171 metus
684 3113 734 3172 cst
756 3127 797 3171 ne
817 3105 914 3171 tollas
936 3106 1120 3171 libertatem
1144 3105 1339 3182 humanam3
1361 3103 1412 3168 sin

343 3220 426 3284 hano
458 3217 621 3283 vindicare
653 3218 753 3301 velis,
782 3239 847 3283 non
870 3217 992 3286 omnis
1023 3223 1108 3284 certe
1130 3215 1261 3283 coelesti
1284 3213 1413 3282 numini

344 3331 489 3416 subjecta
510 3329 665 3396 concedas
688 3351 818 3396 necesse
841 3335 909 3414 est,
934 3331 1069 3416 ideoque
1092 3328 1264 3416 proclivior
1287 3328 1349 3395 eris
1371 3328 1412 3393 ad

344 3442 549 3509 infitiandum
585 3441 823 3529 providentiam
854 3441 1009 3508 divinam.
1059 3443 1099 3508 In
1132 3440 1307 3529 tragoediis
1338 3461 1412 3534 vero

344 3556 575 3643 componendis
602 3565 739 3643 utraque
763 3557 925 3623 sentiendi
947 3558 1030 3624 ratio
1052 3555 1412 3644 gravissimaaffertin·

345 3670 521 3737 commoda
556 3671 591 3737 Si
614 3673 712 3761 enim,
737 3672 926 3739 numinibus
948 3673 1080 3759 fatoque
1101 3693 1231 3758 prorsus
1256 3669 1411 3751 sublatis,

264 3779 266 3786 ’
344 3785 456 3851 omnia
474 3793 593 3852 temere
612 3785 739 3850 evenire
763 3791 908 3869 statuas,
932 3786 1035 3851 aberit
1056 3807 1158 3851 nexus
1183 3785 1267 3850 inter
1284 3783 1412 3868 culpam

345 3907 377 3965 et
403 3920 558 3985 poenam,
590 3898 660 3964 sine
688 3920 751 3984 quo
775 3921 838 3964 uon
864 3899 1086 3985 potestnasci
1109 3897 1215 3986 φόβος
1238 3900 1412 3983 illaquam

344 4013 537 4079 Aristoteles
570 4011 675 4097 poscit
697 4017 715 4075 ¹.
765 4011 837 4076 Diis
869 4033 943 4076 vero
973 4035 1013 4077 ex
1044 4011 1235 4077 inexorabili
1259 4011 1330 4097 lege
1353 4010 1414 4075 fati

346 4127 471 4212 omnia,
486 4125 762 4211 gubernantibus,
797 4126 981 4192 dramatum
1004 4126 1155 4192 materies
1176 4127 1232 4192 vix
1254 4131 1333 4211 apta
1353 4124 1415 4189 erit

346 4239 387 4304 ad
417 4238 593 4305 movendos
624 4243 830 4322 spectatores.
881 4239 970 4319 Quae
1005 4240 1090 4305 enim
1115 4240 1225 4306 futura
1248 4246 1326 4304 sunt
1344 4237 1414 4322 jam

380 4485 387 4516 ¹
422 4483 461 4536 Cf.
479 4501 554 4550 supra
569 4503 619 4551 pag
641 4467 679 4539 '23
695 4491 750 4538 adn.
767 4491 784 4540 2
801 4498 825 4539 et
840 4492 873 4540 24
890 4492 945 4539 adn.
963 4493 987 4539 3.
