3284 5338
836 429 895 490 112

326 608 498 695 Euripides
510 614 620 676 narrat
632 629 666 674 se
678 609 889 694 tragoediam,
902 631 999 696 quum
1013 609 1174 676 tumidam
1187 612 1228 678 ab
1237 611 1402 698 Aeschylo

323 728 506 807 acceperat,
530 723 635 808 primo
658 729 867 805 extenuasse,
891 722 1008 788 deinde
1031 725 1269 808 permonodias
1284 727 1400 794 'rursus

322 834 472 921 opimiori
504 835 626 900 formae
659 834 856 917 restituisse,
895 834 1066 900 “admixto
1096 834 1397 922 Cephisophonte.”

323 947 454 1014 Scilicet
487 947 574 1013 idern
607 968 705 1012 verna
737 947 805 1032 (vel
828 946 1008 1033 discipulus
1033 949 1185 1034 ingenuis
1209 949 1396 1034 natalibus,

321 1064 359 1126 ut
377 1060 527 1126 nonnulli
542 1065 750 1146 putaverunt,
764 1066 920 1146 negantes
933 1060 1049 1127 servile
1060 1061 1120 1127 hoc
1135 1083 1253 1127 nomen
1265 1085 1338 1128 esse
1350 1065 1395 1150 ¹‚)

320 1196 459 1259 quocum
492 1197 626 1241 uxorem
658 1175 728 1260 ejus
762 1174 991 1242 commercium
1024 1175 1142 1242 habere
1174 1197 1283 1241 rumor
1306 1181 1394 1257 erat,

320 1289 355 1352 in
388 1288 524 1354 canticis
558 1286 790 1373 componendis
826 1286 977 1372 Euripidi
1009 1307 1140 1373 operam
1168 1309 1286 1353 navare
1308 1286 1393 1353 fere-

318 1400 414 1466 batur
428 1399 459 1478 '3
494 1400 580 1486 quod
615 1404 725 1465 utrum
759 1398 869 1484 aliqua
898 1420 938 1463 ex
972 1405 1064 1484 parte
1090 1420 1203 1464 verum
1227 1421 1269 1464 an
1292 1400 1392 1466 fuerit

318 1535 444 1579 mamm
466 1517 704 1594 commentum,
728 1533 815 1576 nunc
838 1511 911 1597 quis
935 1511 1037 1577 dicat!

362 1625 589 1690 Monodiarum
624 1624 872 1709 Euripidearum
904 1624 1024 1690 salsam
1062 1624 1279 1690 imitationem
1307 1625 1390 1710 legi·

317 1759 391 1804 mue
415 1739 496 1802 Rau.
520 1759 567 1804 vs.
596 1739 680 1802 1330
704 1757 773 1823 sqq.
791 1739 814 1820 ³,
845 1737 880 1800 in
897 1758 961 1821 qua
974 1735 1150 1821 peculiaria
1164 1735 1281 1822 tragici
1296 1737 1388 1819 vitia,

314 1849 545 1918 vocabulorum
579 1847 807 1933 repetitiones,
833 1849 990 1913 sermonis
1013 1848 1259 1934 magnificentia
1280 1870 1388 1914 rerum

315 1964 470 2030 tenuitati
504 1984 599 2048 saepe
631 1984 748 2048 parum
780 1962 999 2047 respondem,
1032 1969 1066 2027 et
1088 1962 1122 2026 id
1144 1985 1249 2049 genus
1273 1962 1387 2047 plura,

314 2078 411 2162 plane
434 2077 545 2143 eodem
568 2076 664 2141 modo
687 2075 834 2141 ridentur
856 2075 897 2140 ab
919 2073 1082 2158 Aeschylo
1105 2096 1168 2160 quo
1191 2075 1281 2160 prius
1297 2077 1387 2142 chori

314 2191 457 2273 cantica,
490 2194 528 2254 ut
561 2189 712 2254 vidimus.
751 2188 839 2268 Quae
871 2188 910 2253 de
933 2188 991 2253 illa
1015 2187 1228 2253 festivissima
1251 2189 1387 2273 parodia

344 2427 455 2490 ¹Bi0gr.
480 2427 542 2476 Eur.
566 2426 580 2474 I
601 2425 660 2474 dicit
680 2438 738 2474 eum
755 2423 830 2472 fuisse
846 2421 969 2487 οἰκογενὲς
985 2423 1112 2487 μειράκιον
1128 2421 1271 2485 Euripidis,
1287 2429 1313 2471 et
1326 2435 1385 2471 cum

311 2515 365 2565 heri
388 2529 467 2564 uxore
492 2514 604 2563 illicitam
629 2512 832 2562 consuetudinem
856 2510 976 2560 habuisse.
1009 2510 1095 2560 Affert
1114 2509 1159 2559 hos
1177 2524 1264 2559 versus
1281 2510 1382 2560 Ariste·

310 2605 417 2668 pumeos
432 2605 457 2666 (e
473 2603 599 2667 Gerytede
615 2616 664 2652 sec.
681 2601 862 2663 Dindorfium):

570 2691 722 2755 Knptoopcisi
738 2690 822 2753 ἄριστε
840 2689 880 2737 rai
896 2687 1049 2749 μελάντατε,

568 2782 598 2828 σὺ
615 2779 645 2839 δὴ
663 2778 764 2839 {ovilae
781 2778 814 2835 ὡς
831 2779 863 2826 τὰ
881 2773 956 2824 πόλλ’
973 2775 1109 2841 Εὐριπίδῃ,

568 2869 611 2918 καὶ
627 2869 777 2927 ξυνεπαίεις,
795 2867 828 2923 ὥς
845 2874 918 2929 φασι,
935 2865 984 2923 τὴν
1000 2863 1134 2928 μελῳδίαν.

342 2961 426 3012 Aliter
449 2959 482 3010 Κ.
507 2959 538 3011 O.
558 2953 987 3018 Muner,'(rr.niter.gesch.,11,
1005 2968 1063 3017 pag.
1081 2954 1141 3014 154,
1158 2949 1386 3016 cephisophontem

310 3065 398 3100 rueme
421 3052 484 3100 “den
499 3045 750 3112 Hauptschauspieler
766 3045 809 3093 des
825 3043 968 3107 Euripides,
985 3044 1028 3092 der
1044 3042 1072 3091 in
1088 3042 1137 3092 den
1153 3041 1301 3092 Monodiein
1317 3043 1385 3092 aeine

311 3143 406 3204 “ganza
422 3139 512 3190 Stirlre
528 3137 630 3202 zeigte.''

341 3229 353 3262 ¹
369 3231 471 3280 Praeter
486 3229 568 3278 locum
584 3230 609 3276 in
625 3225 783 3292 praecedenti
792 3223 950 3274 annotatione
958 3224 1061 3272 citatum
1069 3224 1119 3273 vid.
1129 3223 1193 3273 Rau
1203 3236 1240 3270 vs.
1252 3223 1315 3274 14OE
1324 3235 1385 3286 sqq,
1452 3267 1456 3274 ,

311 3319 352 3368 ubi
381 3320 512 3366 admodum
541 3315 715 3366 contumeliose
740 3296 881 3378 Aeschylus
907 3313 933 3361 in
958 3312 1007 3361 fine
1031 3311 1101 3374 longi
1126 3310 1269 3360 certaminis
1293 3309 1384 3372 poetici

311 3408 457 3458 haecdicit:

342 3501 346 3508 '
566 3497 609 3546 καὶ
625 3495 708 3560 μηκέτ’
726 3497 807 3559 ἔμοιγε
825 3492 878 3542 κατ’
895 3493 970 3552 ἔπος,
989 3490 1046 3544 ἀλλ’
1064 3492 1089 3549 ἐς
1107 3492 1154 3540 τὸν
1171 3489 1285 3554 σταθμὸν

564 3582 705 3646 αὐτός,·τὰ
723 3580 809 3643 παιδί’,
827 3581 842 3641 ἡ
861 3580 938 3645 γυνὴ,
957 3583 1125 3644 Κηφισοφῶν,

567 3672 648 3737 ἐμβὰς
665 3671 781 3731 καθήσθω
798 3667 938 3730 συλλαβὼν
954 3668 986 3716 τὰ
1002 3665 1105 3729 βιβλία.
1200 3717 1203 3722 .

342 3768 437 3816 Versus
460 3764 522 3813 1452
538 3779 574 3826 eq.
590 3761 679 3812 afferre
694 3761 765 3820 nolo,
785 3761 876 3824 quippe
894 3772 956 3823 quoe
972 3757 1136 3807 Aristarchus
1153 3755 1385 3821 spuricsjudicarit.

312 3859 352 3926 (In
368 3857 446 3905 alteru
461 3855 588 3904 Runarum
604 3851 748 3902 recensione
763 3850 838 3900 lectos
855 3847 931 3897 luisse
947 3853 1018 3911 putat
1033 3847 1060 3898 J.
1078 3847 1192 3909 Stunger,
1215 3845 1299 3896 Ueber
1319 3845 1382 3896 Urn-

310 3945 438 4008 arbeitung
460 3944 557 4008 einiger
577 3957 613 3992 ar.
630 3940 788 4004 Kcmddien.)
822 3937 969 3994 Caeterum,
984 3935 1095 4000 quisquis
1112 3935 1165 3999 ejus
1182 3933 1280 3984 distichi
1297 3945 1383 3984 auctor

310 4043 360 4093 est,
384 4034 470 4083 alludit
491 4040 516 4083 et
531 4033 575 4082 ille
591 4033 621 4080 ud
638 4031 761 4081 auxilium
777 4043 826 4093 quo
843 4025 1019 4090 Oephisophon
1035 4024 1182 4088 Euripidem
1198 4024 1225 4072 in
1241 4038 1316 4088 opere
1332 4029 1383 4071 tra-

310 4124 367 4188 gico
391 4124 508 4186 adjuvare
534 4121 669 4184 ferebatur,
683 4147 714 4157 —
731 4120 761 4169 In
778 4116 981 4168 Acharnensibus
1002 4116 1104 4179 θυρωρεῖ
1120 4113 1240 4180 Euripidi,
1258 4129 1273 4162 a
1289 4127 1338 4177 qno
1355 4128 1382 4162 se

311 4216 417 4279 aliquem
437 4215 571 4278 supientiae
596 4212 703 4263 colorem
724 4211 828 4260 traxisse
850 4209 956 4258 ostendit
972 4207 1043 4256 dictis
1060 4206 1110 4255 suis
1127 4206 1245 4264 eruditis,
1264 4210 1383 4267 utsupra

311 4319 367 4368 pag.
384 4305 417 4352 54
433 4318 467 4366 sq.
485 4303 599 4352 vidimus.

344 4403 354 4437 ³
371 4398 448 4462 Apud
471 4393 629 4444 Athenaeum
645 4390 715 4440 VIII
731 4405 788 4455 pag.
803 4389 868 4439 3421)
883 4389 957 4438 etium
977 4388 1141 4439 imitationem
1156 4384 1288 4437 monodiae
1304 4381 1385 4432 Euri-

273 4479 274 4484 ’
311 4496 397 4561 pissas
412 4484 464 4548 legi
480 4481 578 4546 opinor,
596 4494 629 4528 ex
646 4478 765 4528 Axionici
780 4476 957 4540 Phileuripide.
