3258 5328
707 443 798 508 '65

238 646 302 709 qua
329 648 392 692 non
418 629 595 715 vestigium
616 628 754 713 reperias
779 627 864 694 male
886 629 999 696 sedulo
1016 636 1205 716 expromtae
1220 632 1309 699 illius

238 737 431 824 sapientiae,
456 763 539 828 quae
560 741 609 807 ita
629 741 724 831 cordi
740 748 809 807 erat
825 741 977 828 Euripidi
992 747 1030 810 ut
1045 744 1154 830 ipsum
1170 748 1311 813 vocabu·

237 854 308 920 lum
330 858 435 943 σοφὸς
458 854 493 920 in
516 854 641 922 deliciis
664 855 798 921 haberet
814 855 834 920 ¹.
875 854 926 920 Ea
946 878 1028 942 quae
1051 857 1150 924 citavi
1165 858 1312 926 sufficere

237 971 317 1053 puto
347 974 385 1033 nt
413 972 525 1054 pateat
554 971 676 1055 quanto
708 967 824 1033 nitoris
856 966 976 1034 damno
1000 969 1064 1035 ista
1084 970 1309 1058 philosophiae

237 1080 413 1146 ostentatio
445 1081 628 1148 constiterit
649 1080 817 1166 Euripidis
841 1081 1017 1168 tragoediis
1032 1087 1062 1167 ²,
1089 1105 1149 1150 nec
1172 1106 1243 1150 raro
1268 1086 1309 1152 ad

238 1215 312 1259 eum
334 1193 442 1260 referri
464 1215 559 1280 posse
582 1194 678 1260 verba
700 1193 807 1258 Porcii
831 1193 939 1262 Festi:
963 1195 1001 1260 τὰ
1022 1194 1132 1260 πολλά
1156 1225 1190 1262 σε
1212 1198 1311 1284 γράμ-

236 1337 317 1391 ματα
338 1312 382 1384 εἰς
402 1313 515 1391 μανίαν
536 1313 716 1396 περιτρέπει.
766 1307 866 1372 “Non
890 1307 995 1373 doctis
1022 1307 1120 1373 dictis
1144 1307 1310 1374 studiosus

237 1418 409 1505 quisquam
432 1425 501 1485 erat
523 1430 599 1485 ante
621 1420 729 1486 hunc''
754 1421 794 1487 de
817 1442 851 1486 se
874 1420 960 1506 ipse,
985 1426 1023 1486 ut
1046 1421 1187 1504 Ennius,
1204 1421 1310 1487 dicere

236 1531 413 1616 potuisset:
438 1531 495 1596 sed
518 1531 645 1598 utinam
668 1532 725 1598 isti
748 1533 858 1600 studio
881 1533 1080 1600 moderatius
1101 1533 1310 1599 indulsisset!

240 1643 276 1710 Si
298 1643 371 1730 quis
394 1648 504 1710 autem
529 1644 721 1730 Euripidem
741 1646 790 1712 ita
804 1646 978 1713 defendere
992 1646 1074 1712 velit
1088 1652 1126 1712 ut
1141 1646 1229 1712 dicat
1244 1668 1309 1712 non

237 1757 337 1824 nimis
370 1779 478 1824 severe
511 1759 553 1823 ad
587 1759 676 1846 leges
709 1760 905 1826 dramaticus
938 1782 1010 1826 esse
1043 1759 1220 1846 exigendas
1258 1781 1311 1825 aas

238 1892 370 1957 opernm
404 1871 474 1958 ejus
507 1879 615 1957 partes
650 1872 767 1958 quibus
801 1873 923 1960 populo
957 1872 1183 1938 commendare
1213 1872 1313 1938 vellet

238 1983 326 2049 diota
350 1988 414 2050 τῶν
435 1990 545 2071 σοφῶν
556 1994 581 2068 ³,
604 2006 657 2051 me
673 1991 758 2052 certe
772 1985 836 2052 sibi
849 2007 916 2052 non
929 1986 1048 2051 haheat
1060 1985 1308 2063 assentientem

238 2118 315 2162 nam
348 2101 387 2162 ut
416 2098 477 2164 hoc
499 2098 627 2165 licuerit
652 2139 691 2148 -
717 2100 803 2186 qnod
824 2100 881 2165 vix
902 2099 1034 2164 concedi
1056 2103 1166 2184 potest
1188 2135 1232 2145 -
1256 2095 1314 2162 sed

238 2209 290 2276 fac
313 2209 444 2276 licuisse
471 2210 622 2297 Euripidi
645 2211 695 2277 uti
718 2233 815 2278 scena
841 2212 882 2276 ad
904 2211 1121 2296 evulgandam
1146 2208 1310 2295 sophista-

239 2345 310 2388 rum
334 2322 547 2409 sapientiam:
571 2330 670 2389 atne
692 2325 745 2390 hic
768 2324 899 2410 quidem
922 2323 998 2388 finis
1019 2322 1066 2388 sic
1081 2322 1203 2408 attingi
1218 2327 1310 2407 pote·

238 2442 298 2501 rat
347 2435 456 2517 Quum
479 2437 567 2503 enim
592 2429 643 2504 rel
665 2438 792 2524 puellas
815 2436 1047 2524 servulosque⁴
1062 2441 1131 2522 tam
1147 2435 1311 2521 sapienter

271 2636 280 2668 ¹
313 2637 373 2688 Vid.
391 2652 413 2686 e.
430 2652 454 2702 g.
471 2638 576 2688 Medeae
593 2651 629 2688 rs.
645 2639 695 2690 299
711 2652 768 2687 eum
784 2638 870 2688 vicinis
886 2638 1009 2698 versibus,
1024 2645 1049 2688 et
1059 2636 1124 2688 conf.
1135 2637 1311 2702 Aristophanis

239 2726 389 2789 Thesmoph.
405 2742 441 2776 vs.
461 2729 531 2778 1130.

271 2811 283 2846 ¹
314 2816 374 2866 Van
397 2816 519 2880 Limhurg
544 2818 678 2877 Brouwsr,
695 2817 794 2866 Proeve
809 2830 869 2868 orer
885 2816 1019 2880 Euripides
1036 2817 1063 2865 in
1080 2815 1140 2865 fine:
1158 2816 1207 2865 “ds
1223 2830 1311 2880 aooge·

239 2907 360 2956 “uaanrde
383 2907 551 2970 wijsbegesrte
576 2921 624 2954 ran
649 2905 784 2970 Euripides
808 2905 830 2954 is
851 2905 895 2955 het
915 2904 974 2969 graf
990 2920 1040 2954 ran
1055 2904 1103 2954 alle
1119 2919 1186 2954 waar
1203 2905 1314 2968 tragisch

238 2995 367 3060 “gemel''
383 2995 484 3046 Tertius
501 2995 652 3060 biographus
670 2994 809 3058 Euripidis,
825 3002 937 3044 caeteros
948 2994 1023 3056 longe
1031 2992 1182 3042 antecellens
1191 2993 1315 3052 acumine,

239 3084 367 3134 verissime
391 3083 488 3134 scribit:
512 3088 638 3136 τοσοῦτον
662 3085 741 3134 αὐτὸν
757 3083 873 3147 ἔβλαπτε
891 3083 1014 3146 (doctrina
1030 3098 1045 3132 a
1060 3082 1190 3146 magistris
1206 3083 1316 3146 accepta)

240 3173 302 3224 ὅσον
319 3173 405 3239 ὠφέλει
421 3175 467 3224 τὸν
484 3173 619 3239 Σοφοκλέα.

272 3262 283 3294 ³
314 3264 387 3326 Quae
411 3264 462 3314 fere
486 3269 524 3314 est
546 3263 695 3314 Bernhardii
711 3263 807 3327 opinio:
830 3263 903 3312 “cine
920 3278 946 3312 so
962 3261 1101 3324 vielseitige
1119 3261 1318 3311 Persiinlichkcit

240 3360 305 3406 “von
320 3354 483 3418 subjectivem
500 3356 628 3420 Gepr'agc.
639 3389 645 3404 .
655 3390 678 3406 ..
699 3355 804 3420 begehrt
821 3355 877 3405 eine
898 3354 1021 3404 durchans
1039 3353 1201 3426 individualis
1217 3347 1315 3400 Norm”

242 3448 308 3510 (pag.
332 3447 401 3511 389),
425 3447 473 3496 etsi
497 3461 529 3496 ne
553 3447 593 3496 hio
617 3447 716 3511 quidem
737 3446 840 3510 negavit
857 3447 934 3495 talem
950 3444 1121 3508 philosophiae
1139 3459 1223 3502 usum,
1239 3440 1317 3505 qualis

240 3538 348 3588 cernitur
372 3537 398 3585 in
414 3538 548 3600 Euripide,
568 3537 680 3602 tragicae
695 3537 744 3586 arti
760 3537 905 3601 promittere
921 3535 1063 3586 interitum:
1081 3533 1166 3584 “disse
1181 3532 1248 3581 scine
1263 3528 1318 3592 phi·

241 3626 432 3691 “losophirende
452 3627 570 3677 Tendens
587 3627 727 3676 schwichte
743 3628 793 3676 den
808 3625 990 3675 dramatisehsn
1006 3623 1111 3683 Gshalt,
1128 3618 1318 3671 nndfiihrtedie

241 3717 386 3782 “Tragddis
400 3718 445 3767 der
462 3717 587 3768 Grieehon
604 3733 659 3767 aum
678 3716 789 3767 Ablauf”
808 3716 875 3780 (pag.
894 3716 961 3777 195).

274 3807 284 3840 ⁴
317 3807 374 3857 Huc
390 3805 463 3856 refer.
481 3804 610 3870 Aristoph.
627 3806 737 3856 Acharn.
754 3820 792 3855 rs.
808 3803 857 3854 400
872 3818 922 3868 sq.:

630 3895 649 3943 ὦ
668 3892 824 3959 τριςμαιεάρι’
842 3891 979 3957 Εὐριπίδη,

435 3983 471 4034 ὅθ’
489 3985 502 4033 ὁ
519 3984 610 4042 δοῦλος
625 3983 719 4034 οὑτωσὶ
736 3987 819 4048 σοφῶς
835 3979 1010 4045 ὑποκρίνεται,

242 4076 285 4126 ubi
309 4076 442 4126 scholiasta
466 4089 526 4126 rere
550 4074 666 4133 adnotat,
682 4073 728 4123 sub
744 4071 825 4136 specie
840 4069 918 4121 landis
934 4067 1071 4132 vituperari
1086 4064 1236 4128 Euripidem
1252 4064 1318 4126 quod

243 4179 327 4214 servos
344 4167 447 4216 disertos
464 4165 491 4214 in
507 4178 604 4214 scenam
621 4165 712 4214 ducere
729 4161 828 4212 soleret.

275 4255 335 4307 Vid.
352 4255 428 4306 stiam
444 4269 459 4304 s
474 4253 553 4305 Ranis
569 4253 637 4303 iocus
653 4267 690 4302 rs.
706 4253 756 4303 949
772 4265 816 4314 sq„
833 4248 875 4298 uhi
891 4247 1026 4311 Euripides
1043 4260 1113 4296 suam
1130 4243 1216 4308 poesin
1232 4240 1323 4292 descri-

244 4345 304 4396 bens
320 4344 391 4395 dicit:

373 4431 432 4483 ἀλλ’
448 4432 533 4498 ἔλεγεν
548 4430 565 4490 ἡ
582 4429 647 4496 γονὴ
667 4428 693 4480 τέ
710 4447 753 4494 μοι
769 4428 806 4492 χώ
824 4426 916 4484 δοῦλος
933 4425 1006 4476 οὐδὲν
1023 4423 1111 4486 ἦττον,

375 4523 411 4586 χώ
428 4521 556 4582 δεσπότης
572 4520 605 4584 χὴ
623 4516 751 4584 παρθένος
767 4517 801 4581 χή
819 4519 899 4582 γραῦς
916 4514 958 4565 ἄν.
