3258 5328
751 458 791 520 61

234 644 320 730 quod
343 666 363 708 a
386 644 552 708 communi
574 644 643 709 vita
666 644 799 709 omnino
823 643 1002 708 abhorreat.
1047 642 1202 729 Inprimis
1225 644 1309 708 male

234 757 374 822 feremus
408 757 436 822 si
465 759 606 844 tragicae
629 779 786 843 personae
809 778 881 823 aere
906 756 1081 822 Dodonaeo
1105 758 1174 822 sint
1196 758 1310 843 loqua-

234 871 354 954 ciores,
385 872 659 958 quemadmodum
683 876 888 937 occursantes
912 869 1059 955 fugimus
1083 891 1163 956 quos
1187 870 1308 936 scimus

233 984 426 1070 garrulitate
449 1007 508 1051 sua
532 1007 590 1050 nos
615 992 792 1051 enecturos.
831 983 905 1048 Non
922 981 1035 1068 ignoro
1052 981 1200 1069 quidem,
1217 983 1307 1047 Atti-

233 1117 288 1162 cos
311 1097 392 1164 alias
415 1098 504 1184 leges
521 1105 648 1164 secutos
670 1119 741 1163 esse
757 1096 791 1160 in
808 1094 1021 1161 aestimandis
1038 1094 1193 1160 dramatis
1208 1117 1309 1182 quam

233 1209 398 1276 hodiernis
422 1210 574 1296 operibus
597 1209 805 1291 adhibentur,
831 1230 935 1295 neque
950 1207 1134 1292 postulasse
1149 1208 1308 1272 utheroes

234 1347 250 1388 e
286 1322 488 1409 temporibus
524 1327 791 1409 Argonautarum
826 1329 859 1386 et
885 1321 971 1387 belli
1003 1320 1132 1406 Trojani
1155 1321 1189 1385 in
1214 1343 1310 1386 scena

234 1438 286 1503 sui
315 1435 387 1502 aevi
409 1456 514 1501 mores
538 1435 709 1519 referrent,
734 1444 832 1523 atque
855 1460 986 1524 prorsus
1011 1438 1106 1503 aliter
1128 1437 1310 1523 cogitarent
1385 1451 1388 1458 '

233 1558 267 1617 et
288 1551 497 1637 loquerentur
519 1571 616 1637 quam
633 1551 799 1636 scriptoris
814 1551 964 1638 aequales
984 1555 1002 1616 ¹.
1031 1552 1095 1618 Sed
1111 1553 1169 1617 hos
1183 1573 1309 1638 quoque

234 1669 328 1751 nego
348 1666 395 1730 ita
417 1665 543 1730 locutos
567 1686 638 1730 esse
663 1672 700 1731 ut
722 1687 877 1751 personas
902 1666 1106 1752 Euripideas.
1155 1666 1222 1733 Ubi
1245 1675 1309 1731 ter-

233 1800 342 1844 rarum
364 1798 509 1863 unquam
532 1776 597 1843 fuit
619 1776 730 1862 puella
752 1800 834 1864 quae
859 1778 907 1843 ita
928 1779 1101 1844 dissereret
1124 1778 1165 1843 de
1184 1800 1309 1844 cosmo-

232 1891 348 1976 gonia,
381 1897 420 1956 ut
442 1888 541 1973 facit,
565 1889 765 1957 testantibus
788 1891 983 1978 fragmentis
1008 1915 1090 1978 quae
1114 1903 1308 1977 supersunt,

234 2005 292 2070 illa
325 2003 453 2089 sapiens
490 2002 534 2090 (si
569 2004 665 2069 modo
700 2004 829 2091 sapiens
863 2025 921 2070 nec
953 2004 1063 2090 potius
1096 2006 1182 2072 male
1214 2008 1308 2093 sana)

235 2116 423 2203 Melanippa
454 2115 650 2200 Euripides,
682 2116 735 2182 cui
766 2117 873 2202 proles
905 2117 1020 2182 furtim
1044 2118 1133 2183 edita
1156 2118 1311 2184 debuerat

234 2251 328 2296 curae
359 2228 503 2315 propiori
536 2250 607 2295 esse
641 2251 737 2314 quam
772 2251 885 2296 cursus
921 2230 1087 2296 stellarum
1123 2238 1156 2296 et
1183 2230 1310 2296 ¹telluris
1349 2253 1352 2258 ·

234 2344 324 2429 origo
339 2347 361 2408 ².
403 2343 453 2408 Ne
483 2345 595 2408 nostro
625 2342 756 2427 quidem
789 2349 952 2429 tempore,
978 2365 1041 2431 quo
1065 2344 1216 2409 nonnulli
1235 2343 1311 2428 jura

267 2553 275 2585 ¹
309 2556 364 2604 Hoc
381 2557 529 2613 tenendum,
546 2569 577 2604 ue
594 2556 691 2618 saepius
708 2555 807 2620 iniquus
823 2555 868 2605 tiss
885 2557 911 2605 in
928 2556 1075 2621 Euripidem
1094 2558 1149 2606 taut
1165 2557 1191 2605 in
1203 2556 1311 2620 reliquos

233 2652 330 2694 veteres
347 2645 475 2708 tragicos).
507 2644 626 2708 Exempli
643 2646 738 2709 gratia,
762 2661 813 2694 nou
827 2644 885 2708 jure
901 2646 1068 2710 reprehendas
1084 2647 1201 2696 dicteilla
1211 2648 1312 2706 Thesei,

233 2734 293 2783 satia
317 2744 402 2783 tamen
427 2733 557 2793 decisae,
580 2734 622 2783 ubi
639 2735 670 2784 de
687 2736 782 2798 optima
797 2735 929 2798 regiminis
947 2734 1028 2784 forma
1044 2735 1153 2800 disputat
1169 2752 1225 2786 cum
1242 2751 1311 2800 prae·

232 2836 294 2872 eone
318 2823 440 2872 Thebano
464 2823 490 2870 in
516 2822 682 2886 supplicibus.
717 2823 813 2872 Eadem
838 2825 868 2872 de
884 2838 958 2872 cansa
974 2823 1054 2872 larius
1072 2823 1150 2878 ieram
1167 2826 1311 2874 anachroni-

234 2927 315 2960 smum
340 2913 410 2962 Pelai
435 2913 557 2976 culpantis
582 2913 697 2962 instituta
722 2913 832 2977 Lycurgi
849 2913 1001 2963 inviolenta
1021 2913 1066 2962 ilia
1081 2914 1201 2973 oratione,
1219 2915 1312 2964 Atticis

233 3003 333 3051 auribus
359 3003 505 3063 blandiente,
530 3005 649 3052 adversus
666 3003 844 3067 Spartanorum
861 3003 999 3066 puellarum
1017 3003 1195 3060 educationem,
1212 3006 1311 3054 Andro-

234 3093 313 3142 mach.
338 3110 374 3142 vs.
400 3093 540 3142 osc-eol.
573 3092 644 3153 (vid.
661 3092 726 3141 infra
741 3107 798 3155 pag.
816 3093 849 3140 68
865 3093 920 3140 adn.
938 3093 973 3154 2.)
1006 3091 1107 3142 Confer.
1124 3092 1312 3142 Andromaches

233 3182 258 3229 in
275 3181 362 3230 eadem
378 3181 463 3230 fabula
478 3181 557 3229 oratio
574 3195 610 3232 vs.
627 3181 677 3230 trs
694 3195 746 3244 sqq.

266 3270 386 3334 Antiquis
411 3268 590 3334 spectatoribus
614 3275 715 3332 gratum
740 3276 806 3326 erat,
834 3268 855 3316 si
880 3267 915 3317 ita
942 3275 1103 3332 tangerentur
1127 3284 1167 3319 res
1183 3272 1312 3335 aequales,
1403 3331 1406 3334 ¹

233 3374 313 3423 neque
336 3359 414 3423 igitur
429 3361 583 3422 querendum
600 3368 638 3408 est
653 3359 684 3407 de
700 3366 774 3421 poeta
790 3358 832 3406 ubi
847 3357 944 3406 civibus
961 3358 1135 3422 morigeratur.
1169 3362 1312 3411 Dummodo

233 3449 269 3498 its
292 3448 426 3512 loquantur
448 3447 535 3496 heroes
561 3446 665 3511 tragici,
689 3453 716 3494 ut
731 3445 840 3495 locuturi
857 3445 961 3495 fuissent
976 3446 997 3495 si
1014 3447 1100 3497 ecdem
1118 3463 1147 3496 ac
1163 3458 1313 3512 spectatores

233 3539 355 3588 vixissent
370 3549 495 3603 tempore,
512 3553 602 3601 parvus
619 3545 662 3586 aut
677 3537 758 3586 nullus
775 3537 949 3600 vituperationi
964 3537 1034 3586 locus
1051 3538 1205 3602 relinquitur.

266 3627 277 3660 ²
310 3628 452 3692 Melanippa
479 3628 494 3688 ἡ
519 3629 585 3692 σοφὴ
601 3627 666 3676 clam
683 3627 730 3676 sibi
747 3634 817 3676 natos
833 3635 981 3691 exposuerat
997 3627 1130 3690 gemellos,
1147 3643 1207 3692 qnos
1225 3645 1312 3681 vaccae

233 3719 311 3768 ubera
335 3720 453 3767 ducentes
478 3717 624 3766 invenerant
646 3725 759 3780 pastores
784 3723 810 3766 et
834 3716 904 3780 quasi
928 3722 1099 3778 portentosum
1123 3717 1192 3766 bovis
1212 3726 1312 3781 partum

233 3808 368 3858 attulerant
391 3806 486 3866 Aeolo,
509 3805 604 3870 puellae
629 3806 708 3869 patri,
723 3806 766 3869 qui
782 3819 823 3855 eos
839 3804 945 3854 eremari
961 3803 1067 3854 volebat.
1100 3805 1173 3866 Quod
1191 3805 1268 3857 saturn
1286 3819 1313 3858 nt

234 3898 265 3948 ab
290 3895 417 3946 infantulis
442 3902 553 3953 avertat,
577 3893 680 3952 heroine
695 3894 772 3957 longa
788 3893 998 3942 demonstratione
1014 3892 1182 3957 philosophica
1198 3896 1313 3946 evincere

234 3988 337 4046 laborat,
361 4002 377 4034 a
401 3986 464 4034 bore
490 3984 529 4034 adi
546 3998 595 4032 non
612 3998 686 4047 posse
702 3983 797 4046 prolem
813 3983 958 4032 humanam.
991 3983 1084 4032 Parum
1101 3990 1158 4047 apte
1175 3986 1312 4035 sententiae

233 4077 291 4126 illae
315 4077 499 4139 Anaxagoreae
522 4075 613 4122 cadum
637 4087 669 4122 ex
693 4085 737 4122 ore
753 4070 852 4135 puellae
868 4069 928 4120 furti
946 4070 993 4119 sibi
1009 4070 1121 4119 consciae
1138 4079 1163 4122 et
1180 4073 1312 4124 filiolcrum

234 4166 301 4216 vitae
316 4163 456 4214 trementis.
487 4163 547 4213 Jam
564 4160 715 4210 Aristoteles
731 4168 796 4225 poet.
817 4161 846 4209 15
862 4158 931 4211 illam
947 4157 1022 4224 ῥῆσιν
1039 4160 1201 4224 vituperavit.

266 4253 370 4304 Initium
386 4252 480 4302 fabulae
497 4256 551 4302 erat
566 4265 655 4300 versus
672 4250 775 4314 impius:

428 4342 502 4401 Ζεύς,
520 4342 590 4400 ὅστις
607 4341 619 4389 ὁ
638 4342 712 4402 Ζεύς,
730 4343 759 4390 οὐ
777 4345 826 4406 γὰρ
844 4340 901 4391 οἶδα
919 4339 990 4398 πλὴν
1005 4339 1076 4404 λόγῳ

427 4430 519 4480 κλύων.
810 4419 812 4422 ⁵

235 4533 297 4584 qnae
314 4527 401 4583 postea
417 4528 513 4570 mutata
528 4527 587 4570 sunt
603 4519 629 4568 in
647 4520 708 4570 haec
725 4519 802 4569 verba
818 4518 901 4568 minus
919 4516 1130 4582 ‘'philosophiam''
