3258 5328
832 421 874 481 30

318 629 350 670 se
383 603 527 668 novit-
541 607 663 666 veteres
687 608 796 667 autem
818 620 915 665 sensu
940 597 1112 682 dignitatis
1139 597 1299 662 humanae
1322 567 1390 662 nori

317 719 422 802 magis
454 716 605 782 carebant
642 737 739 800 quam
777 737 834 779 nos
857 750 902 760 -
925 711 1009 776 nihil
1031 731 1203 776 commune
1225 710 1287 775 sibi
1300 711 1390 775 videt

248 897 252 904 .
317 855 390 899 cum
415 831 535 896 talibus
563 830 715 895 heroibus
739 827 880 912 tragicis.

363 945 453 1029 Opus
478 949 528 1007 est
553 950 590 1006 ut
611 940 769 1025 exemplis
793 939 853 1003 hoc
876 937 1047 1002 illustrem.
1090 935 1270 1000 Videamus
1288 936 1389 1021 igitur

317 1057 461 1122 fabulam
498 1054 709 1139 Euripideum
742 1050 902 1134 Orestem,
938 1051 977 1116 de
1005 1072 1069 1137 qua
1091 1049 1259 1114 verissime
1283 1049 1388 1133 hypo-

318 1170 444 1234 theseos
461 1167 608 1252 scriptor:
624 1169 660 1231 τὸ
667 1162 783 1252 δρᾶμα·
794 1208 801 1222 ·
812 1209 818 1222 ·
829 1208 836 1222 ·
850 1169 1010 1252 χείριστον
1022 1172 1090 1239 τοῖς
1099 1162 1216 1239 ἤθεσιν·
1229 1161 1315 1238 πλὴν
1327 1163 1390 1247 γὰρ

321 1277 472 1348 Πυλάδου
488 1283 603 1356 πάντες
616 1279 823 1368 ‹patheticus›
839 1279 859 1335 ⁴·
906 1257 1092 1342 Contendo¹
1108 1275 1299 1360 Euripidem
1325 1297 1390 1341 non

318 1391 398 1456 satis
420 1391 622 1457 intellexisse
646 1413 777 1456 sensum
803 1391 1018 1475 symbolicum
1041 1389 1235 1456 narrationis
1258 1389 1388 1473 mytho·

318 1505 441 1590 logicae
465 1505 505 1569 (le
529 1504 622 1569 furiis
647 1504 850 1571 matricidam
875 1504 1087 1590 agitantibus.
1119 1504 1280 1586 Erinnyas
1302 1501 1393 1586 apud.

318 1638 393 1681 eum
424 1639 489 1682 non
525 1626 618 1700 suut,
650 1625 688 1682 ut
719 1639 790 1683 esse
823 1618 1000 1699 debebant,
1037 1618 1147 1683 tristes
1189 1617 1323 1681 umbrae
1356 1623 1390 1680 et

319 1731 478 1816 imagines
514 1731 617 1796 animi
645 1731 725 1796 diris
754 1731 919 1798 doloribus
940 1731 1107 1812 convulsi,
1132 1751 1235 1815 neque
1258 1729 1388 1796 Orestes

319 1850 487 1928 torquetur
500 1845 628 1910 sceleris
645 1844 696 1910 sui
715 1845 936 1924 conscicntia3.
955 1846 1056 1909 immo
1080 1857 1164 1909 recte
1188 1844 1251 1909 sibi
1274 1842 1389 1908 fecisse

319 1958 463 2041 videtur,
492 1957 531 2024 de
552 1957 651 2024 atroci
675 1981 751 2024 nece
775 1959 1052 2043 Clytaemnestrae
1075 1957 1201 2044 placide
1224 1964 1257 2023 et
1277 1956 1388 2043 sophi-

320 2071 400 2136 stice
423 2071 567 2158 loquitur
581 2073 606 2155 ²,
630 2072 780 2156 vitaeque
804 2093 878 2136 eum
901 2070 1037 2135 minime
1059 2069 1259 2155 pertaedet³,
1282 2068 1330 2132 ita
1352 2079 1391 2131 ut

320 2185 410 2249 omni
443 2208 503 2272 ope
533 2187 657 2250 nitatur
677 2186 718 2250 ad
740 2184 952 2251 avertendum
972 2184 1054 2248 illud
1078 2185 1227 2265 λεύσιμον
1246 2185 1390 2268 πέτρωμα

320 2297 406 2384 qnod
433 2298 462 2362 ei
484 2299 652 2363 minantur
674 2298 769 2364 cives.
818 2298 986 2363 Interdum
1012 2303 1140 2362 tantum
1164 2319 1183 2361 a
1204 2295 1298 2361 furiis
1320 2314 1389 2360 cor-

320 2410 436 2494 ripitur
458 2420 492 2476 et
513 2412 555 2476 ad
578 2412 738 2476 insaniam
762 2411 935 2497 redigitur3
948 2412 1044 2476 modo
1054 2410 1298 2495 resipiscentem
1314 2427 1389 2472 eum

320 2525 468 2590 videmus
494 2523 527 2588 in
544 2524 674 2590 fabulae
695 2524 799 2589 initio.
838 2525 877 2588 In
894 2524 959 2590 fine
975 2531 1086 2590 autem
1097 2521 1253 2588 dramatis
1270 2519 1389 2606 Apollo

320 2659 369 2702 res
405 2639 588 2723 componit;
623 2638 752 2704 Orestes
784 2637 1000 2720 Hermionen,
1028 2635 1204 2724 ᾖὲιφήρης
1227 2631 1389 2722 ἐφεδρεύει,

320 2772 453 2816 uxorem
474 2751 589 2816 ducere
608 2750 743 2836 jubetur
767 2752 829 2836 (vs.
861 2753 945 2816 1653
971 2757 1067 2836 sqq),
1091 2755 1123 2814 et
1144 2747 1259 2813 docilis
1278 2746 1389 2811 admo-

321 2864 398 2928 dum
431 2864 620 2950 respondet:
654 2861 722 2930 ἰδοὺ
757 2863 875 2947 μεθίημ’
903 2861 1072 2950 Ἑρμιόνην
1097 2862 1159 2927 ἀπὸ
1182 2869 1316 2947 σφαγῆς,
1344 2864 1390 2924 καὶ

321 2976 421 3064 λέκτρ’
442 2977 563 3064 ἐπ·ᾐνεσ’
583 2975 662 3052 ἡνίκ’
683 2977 722 3042 ἂν
744 2973 818 3060 dtdqi
839 2984 941 3063 πατὴρ
965 2983 1026 3058 (va.
1054 2977 1136 3042 1671
1151 2974 1227 3059 sq.).
1269 2973 1321 3037 Ita
1335 2994 1392 3058 per

304 3107 306 3112 ’
321 3093 533 3176 κωμικωτέραν
553 3089 793 3176 καταστροφὴν4
816 3084 986 3154 matricida
997 3093 1091 3153 sexto
1104 3087 1156 3152 die
1167 3087 1207 3152 ab
1220 3087 1392 3152 interemta

322 3199 581 3285 Clytaemnestra
603 3224 737 3267 uxorem
762 3203 824 3268 sibi
849 3203 959 3267 sumit.
1010 3201 1098 3266 Haeo
1118 3220 1286 3284 nunquam
1303 3219 1391 3263 com-

322 3317 452 3376 mentus
466 3319 551 3377 esset
562 3318 657 3397 poeta
670 3314 724 3398 qui
737 3315 934 3400 perspiceret
951 3323 984 3380 et
1000 3314 1214 3396 meminisset,
1229 3313 1391 3396 Erinnyas

322 3447 386 3489 non
422 3425 500 3489 adeo
534 3433 625 3490 extra
662 3426 808 3492 homines
838 3428 894 3493 sed
923 3429 957 3491 in
980 3449 1089 3492 eorum
1107 3431 1234 3512 pectore
1260 3425 1390 3507 versari,

357 3761 362 3790 ¹
397 3760 444 3811 Cui
460 3761 593 3824 obloquens
610 3762 633 3816 G
661 3765 820 3812 Hermannus
836 3763 863 3811 in
880 3763 974 3827 prolog.
992 3763 1075 3814 Orest.
1093 3779 1149 3826 pag.
1171 3765 1200 3818 ld
1218 3762 1261 3811 vix
1277 3761 1393 3824 cuiquam

322 3850 482 3913 persuadebit.

354 3939 365 3970 ²
398 3941 449 3990 Vd.
466 3955 502 3988 vs.
520 3939 569 3988 552
585 3955 637 4004 sqq.

355 4029 365 4059 ³
398 4031 445 4077 Vs.
470 4031 520 4079 644
544 4044 592 4093 sq:
622 4030 701 4078 “mihi
724 4044 782 4092 opes
807 4030 869 4077 duco
896 4030 1003 4090 (beatum
1027 4044 1065 4078 me
1087 4029 1185 4090 censeo)
1203 4028 1223 4076 si
1240 4029 1315 4076 vitam
1333 4025 1394 4074 mihi

322 4114 419 4176 serves,
436 4134 498 4182 quae
515 4119 577 4167 mihi
594 4126 632 4168 est
649 4118 815 4168 dulcissima.''

357 4208 366 4239 ⁴
400 4207 499 4259 Orestes
524 4209 568 4258 vix
593 4210 672 4272 magis
696 4209 744 4278 dici
769 4217 850 4272 potest
872 4208 944 4256 heros
967 4208 1076 4272 tragicus
1092 4221 1166 4270 quarn
1183 4205 1339 4270 Dicaeopolis
1354 4204 1395 4252 ille

324 4297 521 4368 Aristophaneus
546 4299 586 4361 qui
604 4299 706 4362 abrepto
724 4298 923 4347 Acharnensium
941 4298 1028 4360 λαρκῷ
1044 4296 1250 4355 mertenshein,
1268 4295 1308 4342 vel
1324 4295 1394 4344 Mue-

323 4386 428 4436 silochus
452 4388 493 4450 qui
520 4388 662 4436 mulieribus
687 4386 952 4450 Thesmophorianusis
977 4385 1083 4434 minatur
1109 4399 1135 4432 se
1163 4387 1250 4433 cadum
1276 4385 1326 4432 vini
1343 4399 1395 4432 esse

324 4483 495 4538 mactaturuqn.
