3284 5338
816 490 878 552 126

352 673 387 734 ln
418 673 473 732 hoe
501 691 586 732 versu
607 673 698 734 sohol.
721 673 855 752 agnoseit
876 671 1075 731 imitationem
1098 670 1154 729 looi
1176 688 1211 728 ex
1233 667 1387 746 Euripidis

310 768 452 848 Telepho:

412 937 417 946 Ι
468 869 499 929 ri
520 861 556 936 δ’,
580 867 604 928 ὦ
625 864 740 939 τάλας,
754 868 802 946 ,σὺ
823 861 900 948 τῷδε
922 859 1083 928 πείθεσθαί
1103 889 1138 944 με
1160 859 1235 946 λῄςι

1038 955 1150 1017 (Eragm.
1168 955 1219 1008 714
1235 953 1322 1011 Dind.)

352 1073 489 1136 hohern.
513 1091 553 1132 vs.
575 1075 646 1132 471:

913 1169 960 1231 καὶ
984 1167 1047 1252 γάρ
1069 1165 1123 1245 εἶμ’
1145 1163 1228 1248 ἄγαν

473 1263 631 1350 ὀχληρός,
654 1263 691 1326 οὐ
714 1259 816 1328 δοκῶν
836 1289 871 1344 με
894 1261 1062 1346 κοιράνους
1084 1267 1220 1344 στυγεῖν·

354 1357 461 1417 Schola
484 1357 612 1438 ἀσήμως
634 1353 851 1442 πεπαρῴδηται
872 1373 907 1414 ex
929 1354 1027 1414 Oeneo
1048 1351 1208 1432 Euripidis.

1040 1449 1154 1512 (rragm.
1170 1448 1219 1499 ων
1236 1446 1324 1508 nino.)

354 1563 435 1628 ltid.
457 1583 499 1624 vs.
521 1568 592 1624 479:

635 1658 707 1742 κλῇε
729 1660 829 1735 πηκτὰ
852 1655 1012 1741 δωμάτων.

355 1750 421 1811 Ηοο
452 1750 672 1811 hemistichium
705 1751 827 1812 fortasse
859 1751 1067 1811 adumbratum
1098 1757 1143 1812 est
1175 1749 1212 1809 ad
1239 1747 1393 1827 Euripidis

314 1866 431 1908 versum
447 1852 597 1907 servatum
614 1846 692 1925 apud
709 1846 859 1906 Pollucem
871 1846 927 1907 On.
939 1847 969 1907 X
980 1852 1032 1908 27:
1044 1847 1099 1912 λῦε
1114 1849 1214 1912 τακτὰ
1228 1844 1392 1928 δωμάτωντ

314 1962 389 2022 quae
409 1942 513 2014 verba,
530 1947 565 2001 ut
582 1942 672 2002 etiem
687 1941 814 2002 thsrn.
831 1961 873 2002 ve.
890 1945 949 2022 449
967 1941 1081 2008 ἄπελθε
1097 1941 1218 2008 λαΐνων
1234 1941 1392 2025 σταθμῶν,

315 2038 504 2116 Hurtungius
523 2035 650 2115 conjecit
672 2057 706 2096 ex
728 2037 858 2115 Telepho
879 2056 940 2097 esse
961 2038 1064 2116 petita.

357 2194 440 2259 ltid.
461 2212 503 2254 vs.
526 2198 583 2253 496
606 2211 681 2270 sqq.:
761 2193 763 2199 '

477 2292 519 2372 μή
540 2317 593 2371 μοι
615 2287 796 2374 φθονήσητ’,
823 2285 936 2375 ἄνδρες
958 2289 986 2354 ol
1011 2288 1171 2371 θεώμενοι,

478 2389 501 2448 εἰ
523 2387 654 2470 πτωχὸς
676 2385 720 2450 ὢν
743 2384 831 2450 ἔπειτ’
854 2385 886 2449 ἐν
909 2384 1090 2460 Ἀθηναίοις
1112 2384 1214 2471 λέγειν

477 2478 583 2561 μέλλω
604 2485 673 2564 περὶ
698 2490 753 2555 τῆς
773 2479 900 2555 πόλεως
922 2487 977 2541 eto.

359 2575 404 2634 Ex
427 2573 579 2653 Euripidis
600 2575 730 2654 Telepho
751 2595 807 2635 seo.
830 2575 932 2656 schol:

479 2674 520 2752 μή
542 2698 595 2751 μοι
618 2669 800 2756 φθονήσητ’,
825 2669 938 2759 ἄνδρες
959 2672 1128 2748 Ἑλλήνων
1151 2675 1256 2759 ι’ῖκροι,

480 2770 502 2830 εἰ
526 2770 657 2852 πτωχὸς
680 2765 723 2832 ὢν
747 2766 864 2840 τέτληκ’
884 2771 916 2833 ἐν
939 2766 1101 2834 ἐσθλοῖσιν
1122 2767 1234 2854 λέγειν.

1047 2863 1158 2926 (Fmgm.
1176 2863 1221 2915 701
1241 2863 1330 2925 Dind.)

361 2990 442 3054 lhid.
464 3009 505 3050 Vs.
529 2993 600 3049 540:

482 3089 541 3171 ἐρεῖ
562 3114 624 3160 τις,
648 3088 685 3150 οὐ
709 3096 804 3172 χρῆν·
829 3083 915 3151 ἀλλὰ
937 3092 967 3151 τί
988 3089 1085 3172 ἐχρῆν
1107 3087 1217 3152 εἴπατε·

362 3179 406 3237 Ex
424 3177 554 3257 Telepho
571 3180 726 3258 decerptus
741 3179 790 3239 hio
808 3187 978 3252 vertissent,
991 3187 1065 3240 teste
1077 3169 1168 3241 sehol.
1184 3181 1260 3268 Itepn
1274 3202 1316 3242 vs.
1330 3187 1398 3242 543.

944 3277 1056 3338 (Fragm.
1074 3278 1122 3328 707
1140 3285 1164 3325 et
1180 3279 1229 3329 710
1246 3278 1333 3339 Diud.)

363 3402 444 3465 lhhl.
466 3421 508 3461 vs.
532 3406 589 3462 555
612 3422 667 3481 sq.:

482 3499 565 3561 τοῦτ’
588 3495 646 3562 οἶδ’
668 3502 714 3564 ὅτι
739 3499 778 3562 ἂν
799 3497 919 3585 ἐθρᾶτε“
943 3502 996 3565 τὸν
1021 3498 1051 3566 δὲ
1075 3503 1219 3586 Τήλεφον

483 3592 539 3656 οὐκ
559 3592 723 3675 οῖόμεσθα;
745 3601 821 3668 νοῦς
844 3593 892 3680 ἄρ’
915 3596 987 3676 ἡμῖν
1008 3597 1064 3659 οὐκ
1086 3596 1139 3660 ivr·

363 3685 407 3746 Ex
436 3684 565 3766 Telepho
593 3695 693 3750 sumta
714 3696 784 3750 sunt
805 3691 894 3750 verba
914 3692 970 3754 τὸν
996 3685 1025 3753 δὲ
1047 3698 1081 3753 Τ.
1105 3693 1176 3762 mh,
1199 3691 1274 3754 teste
1295 3693 1402 3766 sohol.;

323 3782 442 3844 distichi
464 3782 532 3842 finis
553 3783 669 3862 legibus
689 3785 858 3862 tragoediae
880 3786 1010 3846 metricis
1026 3805 1086 3846 non
1105 3787 1275 3866 respondeo
1292 3797 1402 3850 suntne

323 3879 416 3956 igitur
437 3879 509 3938 haec
531 3879 620 3939 verba
641 3879 871 3959 Aristophanis?

546 3992 549 3998 ·
1053 3975 1164 4043 (Erogm.
1182 3983 1227 4032 711
1246 3980 1334 4043 Dind.)

367 4113 450 4176 ibid.
471 4134 513 4173 ve.
537 4119 593 4175 576
617 4133 671 4194 sq.:

688 4213 724 4275 οὐ
748 4213 810 4299 γὰρ
833 4213 926 4287 οὗτος
949 4213 1120 4300 ἅνθρωπος
1142 4215 1239 4280 πάλαι

489 4303 615 4368 θπασαν
638 4307 725 4388 ήμῶν
747 4310 804 4382 τὴν
826 4307 922 4374 πόλιν
945 4309 1143 4395 κακορροθεῖ,

369 4395 464 4456 Schol.
486 4397 558 4458 haee
580 4417 694 4477 quoque
717 4419 751 4460 ex
773 4402 904 4480 Telepho
924 4403 1018 4480 petite
1039 4423 1100 4463 osse
1122 4405 1256 4464 affirmat.

1056 4498 1168 4561 (Frogm.
1185 4501 1233 4551 713
1250 4501 1337 4563 Dind.)
