3284 5338
768 649 826 714 VI.

299 786 463 872 Aristoph.
490 786 549 852 Av.
575 809 621 854 vs.
646 791 711 854 416
735 809 793 874 pro
816 794 910 874 πέρα,
936 791 1022 875 quod
1042 793 1125 858 nihil
1136 800 1205 879 est,
1224 818 1335 862 emen-

253 899 348 965 detur
369 903 469 988 τέρας·

755 1045 832 1111 VII.

298 1203 465 1290 Aristoph.
498 1205 578 1271 Ran.
605 1229 650 1272 vs.
680 1209 763 1273 1301
788 1207 961 1296 πορνιδίων
985 1211 1115 1278 videtur
1138 1216 1334 1282 mutandum

253 1316 288 1381 in
311 1319 434 1403 πόρνης
455 1315 552 1394 δίκην·
659 1403 661 1406 .

740 1446 837 1514 VIII.

297 1609 396 1694 Apud
419 1607 571 1674 Flavium
593 1609 663 1675 Ios.
688 1609 833 1694 XVIII,
861 1616 899 1694 4,
924 1615 966 1678 30
990 1617 1039 1680 ἐπὶ
1063 1616 1208 1705 Παυλίνρ
1234 1618 1333 1682 corri-

252 1722 396 1808 gendum
419 1727 471 1789 est
493 1722 527 1787 in
552 1727 599 1790 ἐπὶ
621 1724 736 1812 ποὺλρ.

764 1903 825 1968 ΙΧ.

297 2032 432 2126 Luciani
468 2051 537 2134 III,
567 2055 587 2114 4
616 2073 634 2116 e
659 2057 752 2117 textu
775 2052 946 2138 ejiciantur
969 2057 1067 2122 verba
1088 2063 1143 2122 τοῦ
1171 2057 1250 2142 βίου
1276 2067 1331 2126 τοῦ

252 2163 402 2251 πρόσθεν·

769 2317 811 2383 X

294 2467 371 2532 Luc.
397 2465 502 2550 VIII,
527 2469 589 2548 20,
617 2469 653 2530 Il
681 2466 777 2532 verba
799 2470 858 2555 ὁρᾷ
888 2464 920 2536 δὲ
952 2463 1052 2544 ἡδέως
1081 2474 1128 2534 καὶ
1165 2469 1332 2558 γλαφυρόν
1422 2481 1425 2492 ’

249 2607 278 2643 τι
309 2585 357 2646 καὶ
388 2583 602 2668 προςαγωγὸν
632 2577 816 2663 ἐμειδίασεν,
849 2603 947 2648 sensu
970 2603 1080 2666 cassa,
1107 2582 1153 2648 sic
1176 2583 1331 2651 videntur

249 2693 453 2780 refingenda:
489 2696 588 2781 ὡραία
620 2691 651 2760 δὲ
683 2691 750 2770 ἥδε,
783 2700 830 2762 καὶ
864 2697 908 2771 ὡς
938 2695 1106 2783 γλαφυρόν
1131 2725 1160 2761 τι
1195 2704 1243 2764 καὶ
1276 2728 1331 2785 πρ.

250 2804 431 2889 ἐμειδίασενῖ

757 2948 818 3013 XI.

292 3109 369 3174 Luc.
395 3108 502 3193 VIII,
527 3114 588 3194 21,
615 3114 629 3174 Ι
655 3132 714 3196 pro
738 3116 817 3194 ὁμοῦ
839 3107 870 3176 δὲ
891 3114 955 3176 τῶν
973 3115 1136 3176 τοσούτων
1148 3113 1329 3200 ὑπερφέρειν

246 3221 389 3306 legatur:
415 3227 493 3305 ὁμοῦ
516 3220 547 3289 δὲ
569 3225 671 3288 ὄντων
691 3228 849 3288 τοσοῦτον
869 3223 1062 3310 ὑπερφέρειν·

749 3399 827 3464 XII.

291 3543 366 3608 Luc·
392 3541 499 3624 XIX,
527 3544 540 3604 Ι
569 3539 666 3606 verba
689 3537 827 3625 εὔφημον
847 3541 903 3622 μὲν
924 3541 973 3602 καὶ
991 3540 1101 3609 τοῦτο,
1123 3538 1330 3624 οὗιιένκαιριῇ

148 3681 150 3685 ·
247 3653 280 3722 δὲ
300 3659 344 3731 ὡς
366 3657 403 3720 οὐ
426 3655 501 3720 κατὰ
521 3651 579 3729 τὴν
601 3655 640 3720 ἰἰο
660 3650 790 3738 virgula
811 3649 923 3716 critica
946 3656 1025 3716 sunt
1050 3649 1201 3715 notanda.

394 3955 396 3959 ,
613 3935 614 3938 ρ
733 3853 830 3921 XIII

290 4008 367 4072 Luc.
394 4005 523 4089 XLIV,
550 4009 564 4069 l
591 4005 626 4069 in
649 4027 759 4071 versu:

244 4226 404 4293 scribatur
426 4227 470 4299 ὡς
491 4228 585 4290 εἰπεῖν
606 4223 692 4298 ἔπος.

737 4387 828 4454 XIV.

287 4533 362 4598 Luc.
389 4529 521 4614 XLIV,
549 4533 589 4595 12
613 4528 711 4594 verba
734 4527 787 4594 ὅτε
809 4525 847 4603 δὴ
864 4528 943 4601 Διὸς
955 4521 1044 4592 παῖδε
1058 4521 1217 4608 ejicienda
1234 4479 1322 4590 sufit.

1123 4639 1160 4700 11
