<?xml version="1.0" encoding="UTF-8"?>
<!DOCTYPE html PUBLIC "-//W3C//DTD XHTML 1.0 Transitional//EN"
    "http://www.w3.org/TR/xhtml1/DTD/xhtml1-transitional.dtd">
<html xmlns="http://www.w3.org/1999/xhtml" xml:lang="en" lang="en">
 <head>
  <title>
</title>
<meta http-equiv="Content-Type" content="text/html;charset=utf-8" />
  <meta name='ocr-system' content='tesseract 3.04.00' />
  <meta name='ocr-capabilities' content='ocr_page ocr_carea ocr_par ocr_line ocrx_word'/>
</head>
<body>
  <div class='ocr_page' id='page_1' title='image "./specimenliterar00leeugoog_0027.png"; bbox 0 0 3258 5328; ppageno 0'>
   <div class='ocr_carea' id='block_1_1' title="bbox 774 481 970 576">
    <p class='ocr_par' dir='ltr' id='par_1_1' title="bbox 774 481 970 576">
     <span class='ocr_line' id='line_1_1' title="bbox 774 481 970 576; baseline 0.026 -41"><span class='ocrx_word' id='word_1_1' title='bbox 774 481 970 576; x_wconf 71' lang='grc' dir='ltr'><strong>,14Ι</strong></span> 
     </span>
    </p>
   </div>
   <div class='ocr_carea' id='block_1_2' title="bbox 314 661 1441 4257">
    <p class='ocr_par' dir='ltr' id='par_1_2' title="bbox 314 661 1419 1653">
     <span class='ocr_line' id='line_1_2' title="bbox 314 661 1381 750; baseline 0 -22"><span class='ocrx_word' id='word_1_2' title='bbox 314 663 398 728; x_wconf 89' lang='lat' dir='ltr'><strong>inter</strong></span> <span class='ocrx_word' id='word_1_3' title='bbox 428 683 539 728; x_wconf 87' lang='lat' dir='ltr'><strong>omnes</strong></span> <span class='ocrx_word' id='word_1_4' title='bbox 569 661 642 729; x_wconf 91' lang='lat' dir='ltr'><strong>illos</strong></span> <span class='ocrx_word' id='word_1_5' title='bbox 671 663 742 750; x_wconf 90' lang='lat' dir='ltr'><strong>pios</strong></span> <span class='ocrx_word' id='word_1_6' title='bbox 769 661 901 728; x_wconf 90' lang='lat' dir='ltr'><strong>deorum</strong></span> <span class='ocrx_word' id='word_1_7' title='bbox 928 663 1066 728; x_wconf 89' lang='lat' dir='ltr'><strong>cultores</strong></span> <span class='ocrx_word' id='word_1_8' title='bbox 1089 684 1233 748; x_wconf 90' lang='lat' dir='ltr'><strong>unquam</strong></span> <span class='ocrx_word' id='word_1_9' title='bbox 1257 664 1296 728; x_wconf 92' lang='lat' dir='ltr'><strong>de</strong></span> <span class='ocrx_word' id='word_1_10' title='bbox 1319 663 1381 728; x_wconf 92' lang='lat' dir='ltr'><strong>diis</strong></span> 
     </span>
     <span class='ocr_line' id='line_1_3' title="bbox 315 774 1382 861; baseline -0.001 -19"><span class='ocrx_word' id='word_1_11' title='bbox 315 777 396 842; x_wconf 86' lang='lat' dir='ltr'><strong>serio</strong></span> <span class='ocrx_word' id='word_1_12' title='bbox 420 776 633 861; x_wconf 79' lang='lat' dir='ltr'><strong>cogitaverat,</strong></span> <span class='ocrx_word' id='word_1_13' title='bbox 657 783 690 841; x_wconf 91' lang='lat' dir='ltr'><strong>et</strong></span> <span class='ocrx_word' id='word_1_14' title='bbox 713 798 750 841; x_wconf 90' lang='lat' dir='ltr'><strong>ea</strong></span> <span class='ocrx_word' id='word_1_15' title='bbox 773 798 854 861; x_wconf 90' lang='lat' dir='ltr'><strong>quae</strong></span> <span class='ocrx_word' id='word_1_16' title='bbox 877 775 1008 840; x_wconf 90' lang='lat' dir='ltr'><strong>auribus</strong></span> <span class='ocrx_word' id='word_1_17' title='bbox 1033 786 1198 860; x_wconf 90' lang='lat' dir='ltr'><strong>acceperat</strong></span> <span class='ocrx_word' id='word_1_18' title='bbox 1222 774 1273 840; x_wconf 88' lang='lat' dir='ltr'><strong>val</strong></span> <span class='ocrx_word' id='word_1_19' title='bbox 1283 775 1382 841; x_wconf 87' lang='lat' dir='ltr'><strong>labris</strong></span> 
     </span>
     <span class='ocr_line' id='line_1_4' title="bbox 314 888 1382 974; baseline -0.001 -19"><span class='ocrx_word' id='word_1_20' title='bbox 314 889 484 955; x_wconf 82' lang='lat' dir='ltr'>enunciare</span> <span class='ocrx_word' id='word_1_21' title='bbox 515 889 646 964; x_wconf 36' lang='lat' dir='ltr'><strong>solebat,</strong></span> <span class='ocrx_word' id='word_1_22' title='bbox 662 889 696 952; x_wconf 92' lang='lat' dir='ltr'><strong>in</strong></span> <span class='ocrx_word' id='word_1_23' title='bbox 720 889 866 953; x_wconf 92' lang='lat' dir='ltr'><strong>animum</strong></span> <span class='ocrx_word' id='word_1_24' title='bbox 889 910 1016 974; x_wconf 89' lang='lat' dir='ltr'><strong>quoque</strong></span> <span class='ocrx_word' id='word_1_25' title='bbox 1039 889 1177 972; x_wconf 87' lang='lat' dir='ltr'><strong>recipere</strong></span> <span class='ocrx_word' id='word_1_26' title='bbox 1201 888 1307 952; x_wconf 87' lang='lat' dir='ltr'><strong>fuerat</strong></span> <span class='ocrx_word' id='word_1_27' title='bbox 1329 910 1382 954; x_wconf 91' lang='lat' dir='ltr'><strong>co-</strong></span> 
     </span>
     <span class='ocr_line' id='line_1_5' title="bbox 315 1001 1384 1087; baseline -0.003 -19"><span class='ocrx_word' id='word_1_28' title='bbox 315 1005 431 1068; x_wconf 88' lang='lat' dir='ltr'><strong>natus?</strong></span> <span class='ocrx_word' id='word_1_29' title='bbox 460 1002 547 1068; x_wconf 86' lang='lat' dir='ltr'><strong>Fieri</strong></span> <span class='ocrx_word' id='word_1_30' title='bbox 571 1024 647 1067; x_wconf 89' lang='lat' dir='ltr'><strong>sane</strong></span> <span class='ocrx_word' id='word_1_31' title='bbox 670 1007 778 1087; x_wconf 89' lang='lat' dir='ltr'><strong>potest</strong></span> <span class='ocrx_word' id='word_1_32' title='bbox 802 1009 839 1067; x_wconf 92' lang='lat' dir='ltr'><strong>ut</strong></span> <span class='ocrx_word' id='word_1_33' title='bbox 862 1023 973 1066; x_wconf 89' lang='lat' dir='ltr'><strong>caecus</strong></span> <span class='ocrx_word' id='word_1_34' title='bbox 998 1001 1130 1086; x_wconf 85' lang='lat' dir='ltr'><strong>quidum</strong></span> <span class='ocrx_word' id='word_1_35' title='bbox 1146 1001 1267 1083; x_wconf 90' lang='lat' dir='ltr'><strong>horror,</strong></span> <span class='ocrx_word' id='word_1_36' title='bbox 1285 1002 1384 1067; x_wconf 87' lang='lat' dir='ltr'><strong>insita</strong></span> 
     </span>
     <span class='ocr_line' id='line_1_6' title="bbox 315 1115 1385 1200; baseline 0 -19"><span class='ocrx_word' id='word_1_37' title='bbox 315 1117 473 1200; x_wconf 82' lang='lat' dir='ltr'>quaedam</span> <span class='ocrx_word' id='word_1_38' title='bbox 501 1115 681 1180; x_wconf 88' lang='lat' dir='ltr'><strong>reverentia</strong></span> <span class='ocrx_word' id='word_1_39' title='bbox 709 1115 898 1180; x_wconf 81' lang='lat' dir='ltr'><strong>coelicolhm</strong></span> <span class='ocrx_word' id='word_1_40' title='bbox 922 1115 1132 1181; x_wconf 82' lang='lat' dir='ltr'><strong>comitaretur</strong></span> <span class='ocrx_word' id='word_1_41' title='bbox 1155 1116 1235 1180; x_wconf 89' lang='lat' dir='ltr'><strong>istos</strong></span> <span class='ocrx_word' id='word_1_42' title='bbox 1259 1116 1341 1181; x_wconf 89' lang='lat' dir='ltr'><strong>ritus</strong></span> <span class='ocrx_word' id='word_1_43' title='bbox 1365 1138 1385 1180; x_wconf 90' lang='lat' dir='ltr'><strong>a</strong></span> 
     </span>
     <span class='ocr_line' id='line_1_7' title="bbox 315 1228 1419 1316; baseline 0 -23"><span class='ocrx_word' id='word_1_44' title='bbox 315 1228 490 1312; x_wconf 88' lang='lat' dir='ltr'><strong>majoribus</strong></span> <span class='ocrx_word' id='word_1_45' title='bbox 521 1235 686 1313; x_wconf 85' lang='lat' dir='ltr'><strong>acceptos3</strong></span> <span class='ocrx_word' id='word_1_46' title='bbox 721 1229 780 1316; x_wconf 75' lang='lat' dir='ltr'><strong>sed</strong></span> <span class='ocrx_word' id='word_1_47' title='bbox 814 1250 878 1292; x_wconf 90' lang='lat' dir='ltr'><strong>non</strong></span> <span class='ocrx_word' id='word_1_48' title='bbox 909 1236 1019 1293; x_wconf 89' lang='lat' dir='ltr'><strong>tamon</strong></span> <span class='ocrx_word' id='word_1_49' title='bbox 1054 1228 1268 1296; x_wconf 89' lang='lat' dir='ltr'><strong>dubitandum</strong></span> <span class='ocrx_word' id='word_1_50' title='bbox 1304 1233 1384 1313; x_wconf 91' lang='lat' dir='ltr'><strong>puto</strong></span> <span class='ocrx_word' id='word_1_51' title='bbox 1415 1243 1419 1252; x_wconf 89' lang='lat'>&#39;</span> 
     </span>
     <span class='ocr_line' id='line_1_8' title="bbox 315 1340 1384 1427; baseline 0 -20"><span class='ocrx_word' id='word_1_52' title='bbox 315 1340 393 1426; x_wconf 90' lang='lat' dir='ltr'><strong>quin</strong></span> <span class='ocrx_word' id='word_1_53' title='bbox 418 1341 458 1406; x_wconf 89' lang='lat' dir='ltr'><strong>de</strong></span> <span class='ocrx_word' id='word_1_54' title='bbox 480 1340 593 1406; x_wconf 84' lang='lat' dir='ltr'><strong>Attica</strong></span> <span class='ocrx_word' id='word_1_55' title='bbox 613 1341 734 1426; x_wconf 88' lang='lat' dir='ltr'><strong>pietate</strong></span> <span class='ocrx_word' id='word_1_56' title='bbox 753 1341 826 1426; x_wconf 88' lang='lat' dir='ltr'><strong>jure</strong></span> <span class='ocrx_word' id='word_1_57' title='bbox 849 1341 954 1406; x_wconf 80' lang='lat' dir='ltr'><strong>dicere</strong></span> <span class='ocrx_word' id='word_1_58' title='bbox 977 1342 1082 1425; x_wconf 88' lang='lat' dir='ltr'><strong>possis</strong></span> <span class='ocrx_word' id='word_1_59' title='bbox 1106 1342 1191 1426; x_wconf 94' lang='lat' dir='ltr'><strong>quod</strong></span> <span class='ocrx_word' id='word_1_60' title='bbox 1214 1341 1326 1427; x_wconf 88' lang='lat' dir='ltr'><strong>vulpes</strong></span> <span class='ocrx_word' id='word_1_61' title='bbox 1345 1342 1384 1407; x_wconf 89' lang='lat' dir='ltr'><strong>de</strong></span> 
     </span>
     <span class='ocr_line' id='line_1_9' title="bbox 315 1452 1385 1539; baseline 0.001 -20"><span class='ocrx_word' id='word_1_62' title='bbox 315 1476 453 1538; x_wconf 89' lang='lat' dir='ltr'><strong>persona</strong></span> <span class='ocrx_word' id='word_1_63' title='bbox 486 1454 566 1518; x_wconf 87' lang='lat' dir='ltr'><strong>bene</strong></span> <span class='ocrx_word' id='word_1_64' title='bbox 601 1452 703 1518; x_wconf 83' lang='lat' dir='ltr'><strong>facta:</strong></span> <span class='ocrx_word' id='word_1_65' title='bbox 736 1461 804 1519; x_wconf 92' lang='lat' dir='ltr'><strong>tam</strong></span> <span class='ocrx_word' id='word_1_66' title='bbox 836 1455 959 1520; x_wconf 90' lang='lat' dir='ltr'><strong>bellum</strong></span> <span class='ocrx_word' id='word_1_67' title='bbox 992 1460 1090 1539; x_wconf 90' lang='lat' dir='ltr'><strong>caput</strong></span> <span class='ocrx_word' id='word_1_68' title='bbox 1121 1454 1286 1519; x_wconf 88' lang='lat' dir='ltr'><strong>cerebrum</strong></span> <span class='ocrx_word' id='word_1_69' title='bbox 1319 1477 1385 1520; x_wconf 92' lang='lat' dir='ltr'><strong>non</strong></span> 
     </span>
     <span class='ocr_line' id='line_1_10' title="bbox 316 1568 1172 1653; baseline 0 -19"><span class='ocrx_word' id='word_1_70' title='bbox 316 1569 431 1646; x_wconf 86' lang='lat' dir='ltr'><strong>habet3</strong></span> <span class='ocrx_word' id='word_1_71' title='bbox 457 1576 548 1633; x_wconf 85' lang='lat' dir='ltr'><strong>extra</strong></span> <span class='ocrx_word' id='word_1_72' title='bbox 570 1568 684 1633; x_wconf 88' lang='lat' dir='ltr'><strong>decora</strong></span> <span class='ocrx_word' id='word_1_73' title='bbox 707 1569 828 1653; x_wconf 91' lang='lat' dir='ltr'><strong>multa,</strong></span> <span class='ocrx_word' id='word_1_74' title='bbox 853 1569 941 1634; x_wconf 86' lang='lat' dir='ltr'><strong>intus</strong></span> <span class='ocrx_word' id='word_1_75' title='bbox 966 1569 1063 1635; x_wconf 90' lang='lat' dir='ltr'><strong>solidi</strong></span> <span class='ocrx_word' id='word_1_76' title='bbox 1081 1570 1172 1634; x_wconf 89' lang='lat' dir='ltr'><strong>nihil.</strong></span> 
     </span>
    </p>

    <p class='ocr_par' dir='ltr' id='par_1_3' title="bbox 317 1677 1441 4257">
     <span class='ocr_line' id='line_1_11' title="bbox 362 1677 1384 1767; baseline -0.004 -19"><span class='ocrx_word' id='word_1_77' title='bbox 362 1681 425 1748; x_wconf 83' lang='lat' dir='ltr'><strong>Sed</strong></span> <span class='ocrx_word' id='word_1_78' title='bbox 454 1681 558 1765; x_wconf 88' lang='lat' dir='ltr'><strong>pietas</strong></span> <span class='ocrx_word' id='word_1_79' title='bbox 589 1680 664 1763; x_wconf 86' lang='lat' dir='ltr'><strong>illa,</strong></span> <span class='ocrx_word' id='word_1_80' title='bbox 690 1677 910 1766; x_wconf 75' lang='grc' dir='ltr'>δεισιδαιμονίᾳ</span> <span class='ocrx_word' id='word_1_81' title='bbox 932 1681 1056 1764; x_wconf 91' lang='lat' dir='ltr'><strong>vicina,</strong></span> <span class='ocrx_word' id='word_1_82' title='bbox 1081 1683 1276 1767; x_wconf 91' lang='lat' dir='ltr'><strong>quominus</strong></span> <span class='ocrx_word' id='word_1_83' title='bbox 1301 1681 1384 1746; x_wconf 89' lang='lat' dir='ltr'><strong>altas</strong></span> 
     </span>
     <span class='ocr_line' id='line_1_12' title="bbox 317 1793 1385 1882; baseline -0.005 -20"><span class='ocrx_word' id='word_1_84' title='bbox 317 1797 435 1882; x_wconf 88' lang='lat' dir='ltr'><strong>agebat</strong></span> <span class='ocrx_word' id='word_1_85' title='bbox 466 1794 605 1877; x_wconf 89' lang='lat' dir='ltr'><strong>radices,</strong></span> <span class='ocrx_word' id='word_1_86' title='bbox 634 1815 671 1859; x_wconf 90' lang='lat' dir='ltr'><strong>eo</strong></span> <span class='ocrx_word' id='word_1_87' title='bbox 694 1795 916 1879; x_wconf 83' lang='lat' dir='ltr'><strong>impatientior</strong></span> <span class='ocrx_word' id='word_1_88' title='bbox 939 1801 1008 1860; x_wconf 89' lang='lat' dir='ltr'><strong>crat</strong></span> <span class='ocrx_word' id='word_1_89' title='bbox 1030 1796 1289 1881; x_wconf 85' lang='lat' dir='ltr'><strong>disputationum</strong></span> <span class='ocrx_word' id='word_1_90' title='bbox 1312 1793 1385 1880; x_wconf 89' lang='lat' dir='ltr'><strong>phi-</strong></span> 
     </span>
     <span class='ocr_line' id='line_1_13' title="bbox 318 1907 1385 1993; baseline -0.002 -21"><span class='ocrx_word' id='word_1_91' title='bbox 318 1909 566 1993; x_wconf 87' lang='lat' dir='ltr'><strong>losophicarum.</strong></span> <span class='ocrx_word' id='word_1_92' title='bbox 616 1909 668 1974; x_wconf 80' lang='lat' dir='ltr'><strong>Sic</strong></span> <span class='ocrx_word' id='word_1_93' title='bbox 698 1907 806 1974; x_wconf 83' lang='lat' dir='ltr'><strong>&#39;arbori</strong></span> <span class='ocrx_word' id='word_1_94' title='bbox 838 1909 974 1974; x_wconf 89' lang='lat' dir='ltr'><strong>firmiter</strong></span> <span class='ocrx_word' id='word_1_95' title='bbox 1004 1909 1073 1974; x_wconf 90' lang='lat' dir='ltr'><strong>solo</strong></span> <span class='ocrx_word' id='word_1_96' title='bbox 1097 1909 1279 1974; x_wconf 88' lang='lat' dir='ltr'><strong>inhaerenti</strong></span> <span class='ocrx_word' id='word_1_97' title='bbox 1302 1907 1385 1970; x_wconf 92' lang='lat' dir='ltr'><strong>nihil</strong></span> 
     </span>
     <span class='ocr_line' id='line_1_14' title="bbox 318 2005 1386 2107; baseline -0.003 -20"><span class='ocrx_word' id='word_1_98' title='bbox 318 2023 410 2087; x_wconf 89' lang='lat' dir='ltr'><strong>obest</strong></span> <span class='ocrx_word' id='word_1_99' title='bbox 441 2021 469 2087; x_wconf 91' lang='lat' dir='ltr'><strong>si</strong></span> <span class='ocrx_word' id='word_1_100' title='bbox 501 2023 661 2107; x_wconf 86' lang='lat' dir='ltr'><strong>serpentia</strong></span> <span class='ocrx_word' id='word_1_101' title='bbox 684 2005 777 2088; x_wconf 38' lang='lat' dir='ltr'><strong>&#39;circa</strong></span> <span class='ocrx_word' id='word_1_102' title='bbox 808 2023 923 2106; x_wconf 90' lang='lat' dir='ltr'><strong>pedem</strong></span> <span class='ocrx_word' id='word_1_103' title='bbox 954 2022 1033 2088; x_wconf 89' lang='lat' dir='ltr'><strong>lolia</strong></span> <span class='ocrx_word' id='word_1_104' title='bbox 1056 2023 1151 2087; x_wconf 90' lang='lat' dir='ltr'><strong>tollas</strong></span> <span class='ocrx_word' id='word_1_105' title='bbox 1175 2041 1386 2106; x_wconf 86' lang='lat' dir='ltr'><strong>muscumqua</strong></span> 
     </span>
     <span class='ocr_line' id='line_1_15' title="bbox 319 2133 1387 2221; baseline -0.005 -19"><span class='ocrx_word' id='word_1_106' title='bbox 319 2160 338 2202; x_wconf 92' lang='lat' dir='ltr'><strong>a</strong></span> <span class='ocrx_word' id='word_1_107' title='bbox 370 2135 487 2202; x_wconf 91' lang='lat' dir='ltr'><strong>cortice</strong></span> <span class='ocrx_word' id='word_1_108' title='bbox 518 2136 656 2218; x_wconf 86' lang='lat' dir='ltr'><strong>avellas,¹</strong></span> <span class='ocrx_word' id='word_1_109' title='bbox 690 2136 746 2200; x_wconf 88' lang='lat' dir='ltr'><strong>sed</strong></span> <span class='ocrx_word' id='word_1_110' title='bbox 780 2136 889 2220; x_wconf 89' lang='lat' dir='ltr'><strong>potius</strong></span> <span class='ocrx_word' id='word_1_111' title='bbox 922 2136 1084 2220; x_wconf 89' lang='lat' dir='ltr'><strong>proderit,</strong></span> <span class='ocrx_word' id='word_1_112' title='bbox 1114 2135 1286 2221; x_wconf 83' lang='lat' dir='ltr'><strong>patefactis</strong></span> <span class='ocrx_word' id='word_1_113' title='bbox 1321 2133 1387 2198; x_wconf 74' lang='lat' dir='ltr'><strong>aeri</strong></span> 
     </span>
     <span class='ocr_line' id='line_1_16' title="bbox 319 2248 1387 2336; baseline -0.004 -22"><span class='ocrx_word' id='word_1_114' title='bbox 319 2250 512 2336; x_wconf 87' lang='lat' dir='ltr'><strong>pluviaeque</strong></span> <span class='ocrx_word' id='word_1_115' title='bbox 541 2248 684 2313; x_wconf 86' lang='lat' dir='ltr'><strong>aditibus</strong></span> <span class='ocrx_word' id='word_1_116' title='bbox 707 2248 794 2314; x_wconf 90' lang='lat' dir='ltr'><strong>unde</strong></span> <span class='ocrx_word' id='word_1_117' title='bbox 817 2270 918 2314; x_wconf 89' lang='lat' dir='ltr'><strong>novos</strong></span> <span class='ocrx_word' id='word_1_118' title='bbox 941 2271 1053 2315; x_wconf 89' lang='lat' dir='ltr'><strong>succos</strong></span> <span class='ocrx_word' id='word_1_119' title='bbox 1076 2250 1189 2328; x_wconf 85' lang='lat' dir='ltr'><strong>ducat3</strong></span> <span class='ocrx_word' id='word_1_120' title='bbox 1215 2249 1271 2314; x_wconf 90' lang='lat' dir='ltr'><strong>sed</strong></span> <span class='ocrx_word' id='word_1_121' title='bbox 1294 2251 1387 2312; x_wconf 89' lang='lat' dir='ltr'><strong>caute</strong></span> 
     </span>
     <span class='ocr_line' id='line_1_17' title="bbox 319 2360 1386 2448; baseline -0.007 -18"><span class='ocrx_word' id='word_1_122' title='bbox 319 2369 459 2430; x_wconf 88' lang='lat' dir='ltr'><strong>rastrum</strong></span> <span class='ocrx_word' id='word_1_123' title='bbox 492 2361 684 2447; x_wconf 87' lang='lat' dir='ltr'><strong>agitandum</strong></span> <span class='ocrx_word' id='word_1_124' title='bbox 715 2361 776 2427; x_wconf 90' lang='lat' dir='ltr'><strong>erit</strong></span> <span class='ocrx_word' id='word_1_125' title='bbox 805 2363 890 2427; x_wconf 87' lang='lat' dir='ltr'><strong>inter</strong></span> <span class='ocrx_word' id='word_1_126' title='bbox 923 2363 1040 2448; x_wconf 86' lang='lat' dir='ltr'><strong>stirpes</strong></span> <span class='ocrx_word' id='word_1_127' title='bbox 1074 2363 1213 2428; x_wconf 88' lang='lat' dir='ltr'><strong>cariosas</strong></span> <span class='ocrx_word' id='word_1_128' title='bbox 1237 2370 1270 2426; x_wconf 93' lang='lat' dir='ltr'><strong>et</strong></span> <span class='ocrx_word' id='word_1_129' title='bbox 1292 2360 1386 2425; x_wconf 90' lang='lat' dir='ltr'><strong>annis</strong></span> 
     </span>
     <span class='ocr_line' id='line_1_18' title="bbox 320 2474 1386 2559; baseline -0.007 -16"><span class='ocrx_word' id='word_1_130' title='bbox 320 2498 447 2559; x_wconf 87' lang='lat' dir='ltr'><strong>exesas,</strong></span> <span class='ocrx_word' id='word_1_131' title='bbox 480 2497 521 2540; x_wconf 88' lang='lat' dir='ltr'><strong>ne</strong></span> <span class='ocrx_word' id='word_1_132' title='bbox 552 2496 626 2540; x_wconf 91' lang='lat' dir='ltr'><strong>cum</strong></span> <span class='ocrx_word' id='word_1_133' title='bbox 657 2474 829 2540; x_wconf 89' lang='lat' dir='ltr'><strong>inutilibus</strong></span> <span class='ocrx_word' id='word_1_134' title='bbox 852 2475 959 2540; x_wconf 92' lang='lat' dir='ltr'><strong>herbis</strong></span> <span class='ocrx_word' id='word_1_135' title='bbox 984 2477 1190 2542; x_wconf 88' lang='lat' dir='ltr'><strong>succidantur</strong></span> <span class='ocrx_word' id='word_1_136' title='bbox 1213 2474 1313 2540; x_wconf 89' lang='lat' dir='ltr'><strong>simul</strong></span> <span class='ocrx_word' id='word_1_137' title='bbox 1334 2494 1386 2537; x_wconf 92' lang='lat' dir='ltr'><strong>ra-</strong></span> 
     </span>
     <span class='ocr_line' id='line_1_19' title="bbox 320 2587 1386 2674; baseline -0.004 -20"><span class='ocrx_word' id='word_1_138' title='bbox 320 2588 422 2670; x_wconf 91' lang='lat' dir='ltr'><strong>dices,</strong></span> <span class='ocrx_word' id='word_1_139' title='bbox 446 2608 528 2673; x_wconf 86' lang='lat' dir='ltr'><strong>quaa</strong></span> <span class='ocrx_word' id='word_1_140' title='bbox 551 2594 725 2671; x_wconf 87' lang='lat' dir='ltr'><strong>supersunt</strong></span> <span class='ocrx_word' id='word_1_141' title='bbox 748 2609 868 2672; x_wconf 90' lang='lat' dir='ltr'><strong>paucae</strong></span> <span class='ocrx_word' id='word_1_142' title='bbox 891 2599 924 2653; x_wconf 88' lang='lat' dir='ltr'><strong>et</strong></span> <span class='ocrx_word' id='word_1_143' title='bbox 939 2595 1059 2674; x_wconf 91' lang='lat' dir='ltr'><strong>putres.</strong></span> <span class='ocrx_word' id='word_1_144' title='bbox 1087 2629 1127 2639; x_wconf 94' lang='lat'>—</span> <span class='ocrx_word' id='word_1_145' title='bbox 1150 2587 1386 2673; x_wconf 85' lang='lat' dir='ltr'><strong>Aristophanes</strong></span> 
     </span>
     <span class='ocr_line' id='line_1_20' title="bbox 320 2699 1386 2788; baseline -0.002 -22"><span class='ocrx_word' id='word_1_146' title='bbox 320 2701 403 2767; x_wconf 90' lang='lat' dir='ltr'><strong>mihi</strong></span> <span class='ocrx_word' id='word_1_147' title='bbox 425 2700 553 2765; x_wconf 86' lang='lat' dir='ltr'><strong>videtur</strong></span> <span class='ocrx_word' id='word_1_148' title='bbox 575 2700 635 2764; x_wconf 91' lang='lat' dir='ltr'><strong>hac</strong></span> <span class='ocrx_word' id='word_1_149' title='bbox 658 2701 691 2764; x_wconf 89' lang='lat' dir='ltr'><strong>in</strong></span> <span class='ocrx_word' id='word_1_150' title='bbox 716 2707 806 2786; x_wconf 89' lang='lat' dir='ltr'><strong>parte</strong></span> <span class='ocrx_word' id='word_1_151' title='bbox 830 2701 948 2767; x_wconf 88' lang='lat' dir='ltr'><strong>similis</strong></span> <span class='ocrx_word' id='word_1_152' title='bbox 971 2701 1073 2768; x_wconf 87' lang='lat' dir='ltr'><strong>fuisse</strong></span> <span class='ocrx_word' id='word_1_153' title='bbox 1095 2703 1257 2788; x_wconf 87' lang='lat' dir='ltr'><strong>plerisque</strong></span> <span class='ocrx_word' id='word_1_154' title='bbox 1279 2723 1296 2766; x_wconf 89' lang='lat' dir='ltr'><strong>a</strong></span> <span class='ocrx_word' id='word_1_155' title='bbox 1319 2699 1386 2765; x_wconf 90' lang='lat' dir='ltr'><strong>suis</strong></span> 
     </span>
     <span class='ocr_line' id='line_1_21' title="bbox 320 2813 1387 2900; baseline -0.004 -20"><span class='ocrx_word' id='word_1_156' title='bbox 320 2814 454 2880; x_wconf 88' lang='lat' dir='ltr'><strong>civibus.</strong></span> <span class='ocrx_word' id='word_1_157' title='bbox 503 2814 553 2879; x_wconf 86' lang='lat' dir='ltr'><strong>De</strong></span> <span class='ocrx_word' id='word_1_158' title='bbox 575 2813 669 2878; x_wconf 90' lang='lat' dir='ltr'><strong>rebus</strong></span> <span class='ocrx_word' id='word_1_159' title='bbox 694 2814 883 2900; x_wconf 86' lang='lat' dir='ltr'><strong>theologicis</strong></span> <span class='ocrx_word' id='word_1_160' title='bbox 906 2837 1022 2899; x_wconf 89' lang='lat' dir='ltr'><strong>parum</strong></span> <span class='ocrx_word' id='word_1_161' title='bbox 1045 2816 1244 2900; x_wconf 83' lang='lat' dir='ltr'><strong>cogitaverat</strong></span> <span class='ocrx_word' id='word_1_162' title='bbox 1251 2841 1260 2893; x_wconf 93' lang='lat'>;</span> <span class='ocrx_word' id='word_1_163' title='bbox 1274 2815 1314 2879; x_wconf 93' lang='lat' dir='ltr'><strong>de</strong></span> <span class='ocrx_word' id='word_1_164' title='bbox 1325 2813 1387 2879; x_wconf 87' lang='lat' dir='ltr'><strong>diis</strong></span> 
     </span>
     <span class='ocr_line' id='line_1_22' title="bbox 321 2927 1387 3013; baseline -0.002 -21"><span class='ocrx_word' id='word_1_165' title='bbox 321 2949 401 2993; x_wconf 90' lang='lat' dir='ltr'><strong>num</strong></span> <span class='ocrx_word' id='word_1_166' title='bbox 441 2933 550 2992; x_wconf 89' lang='lat' dir='ltr'><strong>essent</strong></span> <span class='ocrx_word' id='word_1_167' title='bbox 591 2927 739 2992; x_wconf 91' lang='lat' dir='ltr'><strong>dubitare</strong></span> <span class='ocrx_word' id='word_1_168' title='bbox 790 2928 847 2992; x_wconf 83' lang='lat' dir='ltr'><strong>vix</strong></span> <span class='ocrx_word' id='word_1_169' title='bbox 889 2935 1034 3013; x_wconf 88' lang='lat' dir='ltr'><strong>poterat,</strong></span> <span class='ocrx_word' id='word_1_170' title='bbox 1080 2950 1179 3013; x_wconf 91' lang='lat' dir='ltr'><strong>quum</strong></span> <span class='ocrx_word' id='word_1_171' title='bbox 1222 2943 1387 3012; x_wconf 89' lang='lat' dir='ltr'><strong>nunquam</strong></span> 
     </span>
     <span class='ocr_line' id='line_1_23' title="bbox 321 3039 1387 3126; baseline -0.001 -22"><span class='ocrx_word' id='word_1_172' title='bbox 321 3041 404 3106; x_wconf 89' lang='lat' dir='ltr'><strong>serio</strong></span> <span class='ocrx_word' id='word_1_173' title='bbox 428 3039 468 3104; x_wconf 92' lang='lat' dir='ltr'><strong>ad</strong></span> <span class='ocrx_word' id='word_1_174' title='bbox 494 3039 578 3105; x_wconf 89' lang='lat' dir='ltr'><strong>hanc</strong></span> <span class='ocrx_word' id='word_1_175' title='bbox 605 3062 737 3126; x_wconf 87' lang='lat' dir='ltr'><strong>gravem</strong></span> <span class='ocrx_word' id='word_1_176' title='bbox 769 3043 990 3126; x_wconf 86' lang='lat' dir='ltr'><strong>quaestionem</strong></span> <span class='ocrx_word' id='word_1_177' title='bbox 1022 3041 1168 3111; x_wconf 88' lang='lat' dir='ltr'><strong>animum</strong></span> <span class='ocrx_word' id='word_1_178' title='bbox 1192 3039 1387 3116; x_wconf 83' lang='lat' dir='ltr'><strong>attenderet3</strong></span> 
     </span>
     <span class='ocr_line' id='line_1_24' title="bbox 321 3153 1389 3240; baseline -0.004 -22"><span class='ocrx_word' id='word_1_179' title='bbox 321 3153 456 3218; x_wconf 89' lang='lat' dir='ltr'><strong>ridicule</strong></span> <span class='ocrx_word' id='word_1_180' title='bbox 488 3153 676 3240; x_wconf 88' lang='lat' dir='ltr'><strong>saepissime</strong></span> <span class='ocrx_word' id='word_1_181' title='bbox 703 3176 757 3220; x_wconf 86' lang='lat' dir='ltr'><strong>cos</strong></span> <span class='ocrx_word' id='word_1_182' title='bbox 785 3155 953 3240; x_wconf 84' lang='lat' dir='ltr'><strong>depinxit,</strong></span> <span class='ocrx_word' id='word_1_183' title='bbox 979 3157 1035 3220; x_wconf 90' lang='lat' dir='ltr'><strong>sed</strong></span> <span class='ocrx_word' id='word_1_184' title='bbox 1058 3177 1252 3239; x_wconf 86' lang='lat' dir='ltr'><strong>magnopere</strong></span> <span class='ocrx_word' id='word_1_185' title='bbox 1280 3162 1389 3217; x_wconf 90' lang='lat' dir='ltr'><strong>tamen</strong></span> 
     </span>
     <span class='ocr_line' id='line_1_25' title="bbox 323 3265 1389 3353; baseline -0.004 -21"><span class='ocrx_word' id='word_1_186' title='bbox 323 3266 558 3332; x_wconf 85' lang='lat' dir='ltr'><strong>succensuisset</strong></span> <span class='ocrx_word' id='word_1_187' title='bbox 581 3265 608 3330; x_wconf 89' lang='lat' dir='ltr'><strong>si</strong></span> <span class='ocrx_word' id='word_1_188' title='bbox 632 3267 705 3352; x_wconf 92' lang='lat' dir='ltr'><strong>quis</strong></span> <span class='ocrx_word' id='word_1_189' title='bbox 728 3267 758 3331; x_wconf 87' lang='lat' dir='ltr'><strong>ei</strong></span> <span class='ocrx_word' id='word_1_190' title='bbox 782 3268 969 3352; x_wconf 90' lang='lat' dir='ltr'><strong>objecisset,</strong></span> <span class='ocrx_word' id='word_1_191' title='bbox 994 3291 1031 3332; x_wconf 89' lang='lat' dir='ltr'><strong>aa</strong></span> <span class='ocrx_word' id='word_1_192' title='bbox 1055 3289 1136 3353; x_wconf 89' lang='lat' dir='ltr'><strong>quae</strong></span> <span class='ocrx_word' id='word_1_193' title='bbox 1150 3289 1208 3352; x_wconf 86' lang='lat' dir='ltr'><strong>per</strong></span> <span class='ocrx_word' id='word_1_194' title='bbox 1219 3267 1309 3351; x_wconf 87' lang='lat' dir='ltr'><strong>jocos</strong></span> <span class='ocrx_word' id='word_1_195' title='bbox 1325 3287 1389 3329; x_wconf 91' lang='lat' dir='ltr'><strong>non</strong></span> 
     </span>
     <span class='ocr_line' id='line_1_26' title="bbox 323 3378 1389 3469; baseline -0.003 -25"><span class='ocrx_word' id='word_1_196' title='bbox 323 3401 394 3444; x_wconf 93' lang='lat' dir='ltr'><strong>raro</strong></span> <span class='ocrx_word' id='word_1_197' title='bbox 426 3378 574 3444; x_wconf 88' lang='lat' dir='ltr'><strong>scurriles</strong></span> <span class='ocrx_word' id='word_1_198' title='bbox 602 3379 641 3443; x_wconf 89' lang='lat' dir='ltr'><strong>de</strong></span> <span class='ocrx_word' id='word_1_199' title='bbox 665 3379 727 3469; x_wconf 87' lang='lat' dir='ltr'><strong>diis</strong></span> <span class='ocrx_word' id='word_1_200' title='bbox 751 3381 784 3445; x_wconf 90' lang='lat' dir='ltr'><strong>in</strong></span> <span class='ocrx_word' id='word_1_201' title='bbox 811 3404 907 3446; x_wconf 88' lang='lat' dir='ltr'><strong>scena</strong></span> <span class='ocrx_word' id='word_1_202' title='bbox 929 3382 1067 3462; x_wconf 88' lang='lat' dir='ltr'><strong>diceret,</strong></span> <span class='ocrx_word' id='word_1_203' title='bbox 1094 3380 1272 3466; x_wconf 87' lang='lat' dir='ltr'><strong>impietatis</strong></span> <span class='ocrx_word' id='word_1_204' title='bbox 1295 3399 1389 3464; x_wconf 90' lang='lat' dir='ltr'><strong>posse</strong></span> 
     </span>
     <span class='ocr_line' id='line_1_27' title="bbox 323 3491 1390 3578; baseline -0.003 -20"><span class='ocrx_word' id='word_1_205' title='bbox 323 3492 425 3578; x_wconf 85' lang='lat' dir='ltr'><strong>argui.</strong></span> <span class='ocrx_word' id='word_1_206' title='bbox 451 3491 652 3556; x_wconf 88' lang='lat' dir='ltr'><strong>Deridendos</strong></span> <span class='ocrx_word' id='word_1_207' title='bbox 675 3493 824 3576; x_wconf 91' lang='lat' dir='ltr'><strong>praebuit</strong></span> <span class='ocrx_word' id='word_1_208' title='bbox 846 3516 911 3559; x_wconf 89' lang='lat' dir='ltr'><strong>non</strong></span> <span class='ocrx_word' id='word_1_209' title='bbox 934 3495 1030 3559; x_wconf 91' lang='lat' dir='ltr'><strong>modo</strong></span> <span class='ocrx_word' id='word_1_210' title='bbox 1045 3516 1137 3559; x_wconf 87' lang='lat' dir='ltr'><strong>senes</strong></span> <span class='ocrx_word' id='word_1_211' title='bbox 1153 3491 1390 3578; x_wconf 83' lang='grc' dir='ltr'>σιβυλλιὼυιος</span> 
     </span>
     <span class='ocr_line' id='line_1_28' title="bbox 324 3603 1390 3693; baseline -0.002 -21"><span class='ocrx_word' id='word_1_212' title='bbox 324 3611 358 3672; x_wconf 92' lang='lat' dir='ltr'><strong>et</strong></span> <span class='ocrx_word' id='word_1_213' title='bbox 380 3603 630 3693; x_wconf 79' lang='grc' dir='ltr'>χρησμολόγους</span> <span class='ocrx_word' id='word_1_214' title='bbox 652 3607 780 3671; x_wconf 89' lang='lat' dir='ltr'><strong>oracula</strong></span> <span class='ocrx_word' id='word_1_215' title='bbox 802 3606 1006 3671; x_wconf 87' lang='lat' dir='ltr'><strong>venditantes</strong></span> <span class='ocrx_word' id='word_1_216' title='bbox 1027 3608 1048 3692; x_wconf 83' lang='lat'><strong>¹,</strong></span> <span class='ocrx_word' id='word_1_217' title='bbox 1081 3629 1146 3672; x_wconf 91' lang='lat' dir='ltr'><strong>non</strong></span> <span class='ocrx_word' id='word_1_218' title='bbox 1170 3614 1299 3672; x_wconf 90' lang='lat' dir='ltr'><strong>tanturn</strong></span> <span class='ocrx_word' id='word_1_219' title='bbox 1315 3607 1390 3671; x_wconf 88' lang='lat' dir='ltr'><strong>dao-</strong></span> 
     </span>
     <span class='ocr_line' id='line_1_29' title="bbox 323 3708 1441 3805; baseline -0.004 -19"><span class='ocrx_word' id='word_1_220' title='bbox 323 3742 396 3786; x_wconf 90' lang='lat' dir='ltr'><strong>rum</strong></span> <span class='ocrx_word' id='word_1_221' title='bbox 419 3719 586 3784; x_wconf 88' lang='lat' dir='ltr'><strong>ministros</strong></span> <span class='ocrx_word' id='word_1_222' title='bbox 611 3718 811 3804; x_wconf 90' lang='lat' dir='ltr'><strong>Lamponem</strong></span> <span class='ocrx_word' id='word_1_223' title='bbox 825 3721 851 3802; x_wconf 73' lang='lat'><strong>2,</strong></span> <span class='ocrx_word' id='word_1_224' title='bbox 879 3720 1054 3805; x_wconf 90' lang='lat' dir='ltr'><strong>Diopitheu</strong></span> <span class='ocrx_word' id='word_1_225' title='bbox 1070 3725 1083 3762; x_wconf 80' lang='lat'>³</span> <span class='ocrx_word' id='word_1_226' title='bbox 1101 3719 1211 3805; x_wconf 88' lang='lat' dir='ltr'><strong>jocose</strong></span> <span class='ocrx_word' id='word_1_227' title='bbox 1227 3718 1389 3798; x_wconf 86' lang='lat' dir='ltr'><strong>tractavit,</strong></span> <span class='ocrx_word' id='word_1_228' title='bbox 1439 3708 1441 3716; x_wconf 49' lang='lat'><strong><em>⁴</em></strong></span> 
     </span>
     <span class='ocr_line' id='line_1_30' title="bbox 325 3832 1390 3918; baseline -0.007 -17"><span class='ocrx_word' id='word_1_229' title='bbox 325 3835 381 3901; x_wconf 90' lang='lat' dir='ltr'><strong>sed</strong></span> <span class='ocrx_word' id='word_1_230' title='bbox 404 3835 491 3918; x_wconf 88' lang='lat' dir='ltr'><strong>ipsos</strong></span> <span class='ocrx_word' id='word_1_231' title='bbox 516 3852 641 3917; x_wconf 90' lang='lat' dir='ltr'><strong>quoque</strong></span> <span class='ocrx_word' id='word_1_232' title='bbox 665 3833 740 3897; x_wconf 93' lang='lat' dir='ltr'><strong>deos</strong></span> <span class='ocrx_word' id='word_1_233' title='bbox 763 3832 885 3917; x_wconf 91' lang='lat' dir='ltr'><strong>patrios</strong></span> <span class='ocrx_word' id='word_1_234' title='bbox 910 3854 1039 3902; x_wconf 87' lang='lat' dir='ltr'><strong>summa</strong></span> <span class='ocrx_word' id='word_1_235' title='bbox 1061 3853 1136 3898; x_wconf 90' lang='lat' dir='ltr'><strong>cum</strong></span> <span class='ocrx_word' id='word_1_236' title='bbox 1159 3832 1309 3897; x_wconf 88' lang='lat' dir='ltr'><strong>libertate</strong></span> <span class='ocrx_word' id='word_1_237' title='bbox 1324 3838 1390 3895; x_wconf 88' lang='lat' dir='ltr'><strong>tra-</strong></span> 
     </span>
     <span class='ocr_line' id='line_1_31' title="bbox 324 3944 1392 4034; baseline -0.007 -21"><span class='ocrx_word' id='word_1_238' title='bbox 324 3949 428 4014; x_wconf 84' lang='lat' dir='ltr'><strong>duxit.</strong></span> <span class='ocrx_word' id='word_1_239' title='bbox 478 3944 655 4034; x_wconf 86' lang='lat' dir='ltr'><strong>Hercules,</strong></span> <span class='ocrx_word' id='word_1_240' title='bbox 691 3952 729 4011; x_wconf 93' lang='lat' dir='ltr'><strong>ut</strong></span> <span class='ocrx_word' id='word_1_241' title='bbox 762 3944 844 4011; x_wconf 88' lang='lat' dir='ltr'><strong>alter</strong></span> <span class='ocrx_word' id='word_1_242' title='bbox 878 3946 1023 4029; x_wconf 83' lang='lat' dir='ltr'><strong>Esavus,</strong></span> <span class='ocrx_word' id='word_1_243' title='bbox 1058 3947 1175 4011; x_wconf 88' lang='lat' dir='ltr'><strong>stolide</strong></span> <span class='ocrx_word' id='word_1_244' title='bbox 1209 3967 1326 4028; x_wconf 84' lang='lat' dir='ltr'><strong>vorax,</strong></span> <span class='ocrx_word' id='word_1_245' title='bbox 1358 3949 1392 4007; x_wconf 92' lang='lat' dir='ltr'><strong>et</strong></span> 
     </span>
     <span class='ocr_line' id='line_1_32' title="bbox 324 4057 1391 4148; baseline -0.006 -21"><span class='ocrx_word' id='word_1_246' title='bbox 324 4083 401 4148; x_wconf 88' lang='lat' dir='ltr'><strong>prae</strong></span> <span class='ocrx_word' id='word_1_247' title='bbox 425 4058 611 4126; x_wconf 87' lang='lat' dir='ltr'><strong>succulento</strong></span> <span class='ocrx_word' id='word_1_248' title='bbox 635 4058 705 4124; x_wconf 91' lang='lat' dir='ltr'><strong>cibo</strong></span> <span class='ocrx_word' id='word_1_249' title='bbox 723 4057 799 4145; x_wconf 83' lang='lat' dir='ltr'><strong>jura</strong></span> <span class='ocrx_word' id='word_1_250' title='bbox 810 4059 962 4124; x_wconf 90' lang='lat' dir='ltr'><strong>coelitum</strong></span> <span class='ocrx_word' id='word_1_251' title='bbox 975 4059 1057 4123; x_wconf 91' lang='lat' dir='ltr'><strong>nihil</strong></span> <span class='ocrx_word' id='word_1_252' title='bbox 1068 4081 1201 4142; x_wconf 88' lang='lat' dir='ltr'><strong>curans,</strong></span> <span class='ocrx_word' id='word_1_253' title='bbox 1218 4059 1253 4122; x_wconf 92' lang='lat' dir='ltr'><strong>in</strong></span> <span class='ocrx_word' id='word_1_254' title='bbox 1265 4057 1391 4122; x_wconf 89' lang='lat' dir='ltr'><strong>Avibus</strong></span> 
     </span>
     <span class='ocr_line' id='line_1_33' title="bbox 326 4151 1392 4257; baseline -0.004 -19"><span class='ocrx_word' id='word_1_255' title='bbox 326 4179 358 4238; x_wconf 89' lang='lat' dir='ltr'><strong>at</strong></span> <span class='ocrx_word' id='word_1_256' title='bbox 391 4171 426 4235; x_wconf 91' lang='lat' dir='ltr'><strong>in</strong></span> <span class='ocrx_word' id='word_1_257' title='bbox 457 4171 558 4236; x_wconf 88' lang='lat' dir='ltr'><strong>Ranis</strong></span> <span class='ocrx_word' id='word_1_258' title='bbox 583 4171 663 4236; x_wconf 90' lang='lat' dir='ltr'><strong>risui</strong></span> <span class='ocrx_word' id='word_1_259' title='bbox 697 4151 761 4248; x_wconf 61' lang='lat' dir='ltr'><strong>est}</strong></span> <span class='ocrx_word' id='word_1_260' title='bbox 791 4171 955 4256; x_wconf 88' lang='lat' dir='ltr'><strong>Dionysus</strong></span> <span class='ocrx_word' id='word_1_261' title='bbox 979 4173 1116 4257; x_wconf 90' lang='lat' dir='ltr'><strong>turpiter</strong></span> <span class='ocrx_word' id='word_1_262' title='bbox 1139 4173 1296 4257; x_wconf 86' lang='lat' dir='ltr'><strong>ignavus,</strong></span> <span class='ocrx_word' id='word_1_263' title='bbox 1321 4169 1392 4255; x_wconf 88' lang='lat' dir='ltr'><strong>glo-</strong></span> 
     </span>
    </p>
   </div>
   <div class='ocr_carea' id='block_1_3' title="bbox 358 4358 930 4600">
    <p class='ocr_par' dir='ltr' id='par_1_4' title="bbox 358 4358 930 4600">
     <span class='ocr_line' id='line_1_34' title="bbox 360 4358 930 4422; baseline 0 -14"><span class='ocrx_word' id='word_1_264' title='bbox 360 4361 364 4390; x_wconf 86' lang='lat'><strong>¹</strong></span> <span class='ocrx_word' id='word_1_265' title='bbox 383 4360 413 4408; x_wconf 88' lang='lat' dir='ltr'><strong>Iu</strong></span> <span class='ocrx_word' id='word_1_266' title='bbox 430 4358 577 4420; x_wconf 81' lang='lat' dir='ltr'><strong>Equitibua,</strong></span> <span class='ocrx_word' id='word_1_267' title='bbox 594 4359 704 4418; x_wconf 84' lang='lat' dir='ltr'><strong>Avibus,</strong></span> <span class='ocrx_word' id='word_1_268' title='bbox 721 4359 866 4422; x_wconf 81' lang='lat' dir='ltr'><strong>Lysistrata.</strong></span> <span class='ocrx_word' id='word_1_269' title='bbox 928 4398 930 4402; x_wconf 67' lang='lat'><strong>,</strong></span> 
     </span>
     <span class='ocr_line' id='line_1_35' title="bbox 358 4447 758 4498; baseline 0.003 -3"><span class='ocrx_word' id='word_1_270' title='bbox 358 4447 368 4478; x_wconf 83' lang='lat'>²</span> <span class='ocrx_word' id='word_1_271' title='bbox 385 4449 415 4496; x_wconf 91' lang='lat' dir='ltr'><strong>In</strong></span> <span class='ocrx_word' id='word_1_272' title='bbox 432 4447 529 4498; x_wconf 80' lang='lat' dir='ltr'><strong>Avibus</strong></span> <span class='ocrx_word' id='word_1_273' title='bbox 545 4463 580 4498; x_wconf 83' lang='lat' dir='ltr'><strong>vs.</strong></span> <span class='ocrx_word' id='word_1_274' title='bbox 597 4450 646 4498; x_wconf 81' lang='lat'><strong>522</strong></span> <span class='ocrx_word' id='word_1_275' title='bbox 662 4459 686 4498; x_wconf 82' lang='lat' dir='ltr'><strong>ct</strong></span> <span class='ocrx_word' id='word_1_276' title='bbox 703 4451 758 4498; x_wconf 76' lang='lat'>983.</span> 
     </span>
     <span class='ocr_line' id='line_1_36' title="bbox 360 4537 612 4600; baseline 0.004 -15"><span class='ocrx_word' id='word_1_277' title='bbox 360 4537 369 4568; x_wconf 77' lang='lat'><strong>³</strong></span> <span class='ocrx_word' id='word_1_278' title='bbox 387 4539 470 4600; x_wconf 85' lang='lat' dir='ltr'><strong>Equit.</strong></span> <span class='ocrx_word' id='word_1_279' title='bbox 488 4551 522 4586; x_wconf 91' lang='lat' dir='ltr'><strong>vs.</strong></span> <span class='ocrx_word' id='word_1_280' title='bbox 543 4539 612 4587; x_wconf 78' lang='lat'>1085.</span> 
     </span>
    </p>
   </div>
   <div class='ocr_carea' id='block_1_4' title="bbox 0 0 1649 5328">
    <p class='ocr_par' dir='ltr' id='par_1_5' title="bbox 0 0 1649 5328">
     <span class='ocr_line' id='line_1_37' title="bbox 0 0 1649 5328; baseline 0 0"><span class='ocrx_word' id='word_1_281' title='bbox 0 0 1649 5328; x_wconf 95' lang='lat' dir='ltr'><strong> </strong></span> 
     </span>
    </p>
   </div>
  </div>
 </body>
</html>
