3284 5338
356 741 431 810 Luc.
459 743 592 826 XLIX,
620 745 660 808 26
684 765 743 830 pro
766 742 919 830 ἐλέγξειεν
941 746 1071 832 legatur
1091 747 1251 824 ἐκτήξιιεν.

798 921 891 988 XVI.

356 1057 432 1122 Luo.
470 1057 597 1141 LXVI,
625 1061 664 1122 14
688 1058 858 1125 deleantur
886 1061 983 1127 verba
1006 1064 1081 1126 κατὰ
1103 1066 1160 1139 τὴν
1180 1055 1213 1130 ’ἐκ
1236 1071 1390 1152 Πειραιῶς

310 1173 342 1246 ἐς
362 1173 399 1235 τὸ
421 1171 508 1236 ὄστν·

715 1371 718 1379 ι
799 1315 908 1384 XVII.

355 1454 430 1521 Luc.
458 1455 623 1540 LXXIV,
647 1459 668 1520 4
691 1457 852 1524 verbaola
872 1470 941 1535 τοῖς
963 1461 1031 1547 ἄρτι
1054 1460 1249 1547 γεννηθεῖσιν
1268 1467 1389 1551 ἐρίφοις

309 1568 345 1631 τὰ
359 1571 468 1654 κέριιτιι
480 1571 647 1654 ὑποφύεται
658 1591 698 1634 ex
712 1569 804 1653 LIV,
822 1575 835 1634 1
853 1570 1006 1662 videntur
1020 1573 1053 1636 in
1066 1578 1193 1638 textum
1207 1575 1385 1660 irrepsisse.

782 1747 912 1814 XVIII.

355 1885 438 1950 Plat.
474 1885 636 1953 Phaedon.
668 1910 742 1974 pag.
778 1892 819 1955 65
845 1890 875 1954 D
898 1896 996 1976 φαμέν
1018 1923 1044 1958 τι
1068 1893 1144 1958 εἶναι
1167 1890 1286 1958 δίκαιον
1309 1895 1387 1958 αὐτὸ

176 2019 180 2028 ·
310 1997 328 2073 ἢ
350 1996 454 2066 οὐδένι
476 2001 695 2088 Expungatur
716 2003 802 2068 αὐτό.

796 2181 890 2246 ΧΙΧ.

354 2316 437 2380 Plat.
472 2316 634 2382 Phaedon.
662 2322 702 2383 66
728 2318 756 2382 Β
784 2315 951 2385 κινδυνεύει
972 2348 1021 2385 τοι
1042 2322 1145 2407 ὥσπερ
1170 2320 1311 2408 ἀτραπός
1336 2349 1386 2396 τις

307 2433 439 2516 ἐκφέρειν
460 2431 541 2514 ἡμᾶς
561 2433 635 2513 μετὰ
656 2439 711 2497 τοῦ
733 2433 836 2517 λόγον
859 2436 890 2498 ἐν
911 2439 950 2517 τῇ
961 2435 1071 2516 σκέψει·
1097 2432 1172 2496 Non
1185 2431 1291 2497 solum
1310 2453 1385 2498 oum

309 2542 342 2606 C.
370 2541 406 2607 I'.
434 2542 621 2608 Hermanno
645 2548 739 2625 ἡμᾶς,
765 2546 943 2612 sedetiam
966 2547 1040 2629 μετὰ
1065 2545 1261 2611 eradendum
1285 2551 1343 2610 est.

688 2729 693 2736 ·
804 2707 881 2772 XX.

1219 2786 1226 2813 Ι

340 2843 434 2917 ,ΡΜ
472 2845 634 2912 Phaedon.
673 2850 713 2912 72
750 2845 777 2910 Β
816 2847 889 2913 ἀλλ’
910 2847 1008 2914 εὐθεῖά
1030 2878 1077 2925 τις
1099 2851 1142 2925 εἴη
1164 2853 1183 2926 ἡ
1204 2856 1327 2937 γένεσις
1349 2856 1382 2916 ἐκ

305 2964 361 3022 τοῦ
382 2961 485 3046 ἑτέρον
505 2960 606 3041 μόνον
628 2963 672 3034 εἷς
692 2961 728 3025 τὸ
750 2960 943 3044 καταντικρύ.
982 2959 1180 3024 Vocabulum
1204 2963 1222 3034 ἡ
1244 2964 1382 3045 γένεσις,

306 3091 437 3159 sensum
460 3070 557 3155 plone
580 3072 784 3156 perturbans,
812 3071 986 3146 delendum
1010 3078 1068 3144 est.
1161 3149 1165 3156 ι
1231 3111 1234 3122 .

792 3234 887 3299 XXI.

349 3373 461 3439 Horat.
498 3375 556 3441 od.
584 3343 651 3459 IV,
676 3380 717 3459 4,
744 3377 763 3438 9
790 3395 848 3460 pro
866 3384 1033 3460 paventem
1055 3375 1183 3462 legatur
1199 3388 1378 3462 parentum.

786 3540 900 3604 XXII.

348 3680 460 3746 Horat.
497 3680 599 3766 Epod.
638 3683 694 3764 13,
721 3671 760 3746 13
784 3685 961 3766 proparari
987 3683 1114 3768 legatur
1136 3687 1208 3748 νννι
1232 3683 1374 3766 (Corum.

304 3793 399 3880 Oruq.
420 3797 547 3880 provi.)

778 3929 909 3997 xxm.
976 4020 981 4028 ἢ

348 4072 463 4138 Horat.
489 4070 592 4162 Epod.
623 4073 681 4154 17,
708 4073 750 4135 66
775 4070 903 4136 videtur
926 4070 1112 4156 ejiciendus.

774 4235 901 4302 XXIV.

346 4362 458 4429 Horat.
497 4364 591 4430 Satin.
630 4363 685 4448 ΙΙ,
722 4368 761 4446 2,
798 4367 839 4430 38
864 4371 939 4449 post
962 4387 1092 4430 versum
1116 4368 1157 4429 22
1187 4363 1371 4429 collocetur.

300 4475 395 4543 Ibid..
409 4499 455 4548 vs.
481 4480 523 4542 30
546 4477 720 4566 legendum
744 4473 1058 4576 videturdeoeptam
1082 4487 1111 4542 te
1129 4485 1248 4560 potere.
1284 4478 1371 4568 Esto.
