3284 5338
294 653 349 712 64.
374 651 421 700 itur
448 650 605 712 tragoedias,
628 661 717 709 parum
738 649 851 710 tragicas
867 653 964 709 tamen,
982 651 1111 711 scripserit

371 739 518 800 Euripides,
535 753 593 802 pag.
610 738 736 788 64-38.·
814 769 816 773 ψ
988 811 990 815 Ι
1117 793 1118 797 ¹

404 829 492 890 Inepta
515 825 648 890 explicatio
668 839 729 889 pag.
744 825 784 874 34.
801 825 949 888 Euripidem
967 827 1112 876 necessitate

373 917 478 982 quadam
490 924 602 966 coactum
616 929 643 966 se
654 916 785 965 contulisse
793 917 824 964 ad
833 931 894 979 opus
902 916 1024 980 tragicum
1033 931 1057 980 p.
1065 919 1113 983 34;

371 1008 423 1072 ejus
447 1009 559 1057 dramata
576 1007 657 1054 vicine
674 1020 728 1054 esse
743 1007 885 1056 comoediae
901 1021 980 1056 norae
997 1023 1054 1071 pag.
1071 1009 1112 1065 35,

371 1107 399 1146 ut
414 1096 551 1146 ostenditur
568 1109 601 1144 ex
618 1095 679 1144 Ione
695 1110 751 1158 pag.
768 1095 801 1144 36
818 1109 869 1166 sqq.

261 1240 410 1307 CAPUT
434 1241 496 1305 ΠΙ.
546 1240 719 1325 Euripides
747 1241 979 1326 πολυμήχανος
987 1289 1084 1306 .....
1093 1236 1374 1326 9611339411.Ι

291 1371 304 1431 ξ
323 1370 348 1416 l.
373 1368 546 1430 Aristophanis
561 1368 612 1416 loci
627 1353 679 1418 huo
691 1368 861 1430 pertinentes,
877 1383 934 1431 pag.
950 1369 1057 1419 39-43.
1130 1358 1132 1364 ’

402 1457 458 1506 Hoc
473 1457 599 1520 Euripidis
618 1457 708 1537 vitiqm
724 1457 790 1506 ande
807 1457 909 1508 fluxerit
924 1473 983 1521 pag.
997 1459 1043 1516 39;
1058 1473 1111 1508 sae-

371 1546 425 1609 pius
441 1547 471 1594 ab
487 1545 657 1610 Aristophane
679 1547 789 1595 derisum
806 1561 862 1610 pag.
879 1548 912 1596 39
930 1561 980 1611 sq,
1000 1561 1111 1611 praeser-

372 1637 417 1686 tim
434 1636 460 1685 in
476 1637 737 1700 Thesmophoriaausis
754 1652 812 1700 pag.
829 1639 862 1687 46
877 1651 929 1700 sqq.
1023 1625 1025 1630 ¹

290 1727 348 1787 §A
371 1727 406 1776 lle
422 1728 527 1776 crimine
541 1727 692 1777 inventionis
708 1727 783 1776 nimis
799 1727 952 1787 multiplicis,
964 1741 988 1790 p.
1003 1727 1109 1780 43-47.

403 1815 455 1866 Cur
479 1818 561 1866 unitas
585 1817 613 1864 in
637 1823 691 1865 arte
710 1815 742 1864 sit
764 1815 905 1865 neccssaria
921 1830 976 1879 pag.
994 1817 1027 1864 43
1044 1830 1107 1880 sqq,

369 1905 516 1954 nominatim
533 1905 559 1953 in
574 1905 704 1969 tragoedia
719 1919 776 1968 pag.
793 1905 839 1960 45;
855 1904 880 1952 id
895 1904 1042 1966 Euripidem
1057 1918 1108 1952 nou
1152 1885 1154 1890 ¹

260 2048 265 2055 ,
369 2010 468 2058 semper
484 1995 628 2045 meminisse
639 1995 713 2054 ibid,
731 1995 795 2058 quod
811 1995 993 2043 demonstratur
1007 2007 1040 2042 ex
1056 1992 1109 2056 ejus

302 2077 303 2082 ¹
370 2085 485 2135 mametis
501 2100 559 2149 pag.
576 2086 609 2134 46
625 2099 661 2148 sq.

289 2179 303 2238 ξ
318 2177 347 2226 3,
370 2177 406 2226 lle
422 2176 527 2225 crimine
542 2174 695 2224 inventionis
710 2173 784 2222 nimis
796 2172 915 2234 callidae,
931 2187 987 2236 pag.
1002 2173 1107 2223 48-51.

400 2264 523 2328 Exempla
555 2279 588 2313 ex
620 2263 731 2328 pluribus
764 2263 891 2326 Euripidis
918 2263 1006 2312 fabulis
1030 2263 1108 2326 petita

368 2369 425 2417 pag.
442 2354 475 2404 48
490 2368 555 2417 sqq.;
579 2352 675 2401 somnia
690 2367 748 2416 pag.
764 2352 798 2401 50
813 2365 841 2415 sq
854 2371 861 2411 ;
878 2351 1034 2401 interventus
1050 2353 1106 2400 deo-

369 2459 426 2492 rum
442 2458 500 2508 pag.
516 2445 556 2493 51.

258 2575 406 2640 CAPUT
428 2573 484 2638 IV.
534 2573 707 2658 Euripides
724 2572 759 2636 in
772 2593 867 2637 scena
878 2571 1092 2658 philosophus
1115 2603 1130 2638 u
1178 2575 1256 2638 52-
1267 2575 1325 2638 66.

400 2701 528 2752 Secessnm
553 2707 579 2749 et
602 2701 678 2749 lihros
695 2700 792 2748 amabat
808 2715 864 2763 pag.
882 2701 923 2749 52.
940 2701 984 2751 An
1000 2700 1108 2765 philoso-

369 2791 443 2855 phiae
458 2791 565 2840 naturali
582 2791 689 2839 multum
705 2790 805 2838 deberet
821 2804 877 2853 pag.
895 2791 927 2839 53
940 2805 976 2854 sq.
992 2791 1107 2841 Facetias

369 2881 544 2944 Aristophanis
559 2897 616 2944 pag.
625 2881 658 2931 54
670 2895 722 2944 sqq.
739 2880 923 2932 Sententiarum
935 2881 1106 2943 ubertasapad

367 2971 512 3034 Euripidem
537 2986 593 3034 pag.
618 2972 651 3020 59
667 2984 711 3034 sq„
729 2984 859 3033 perperam
876 2985 891 3018 a
907 2969 990 3018 multis
1006 2969 1106 3017 laudate

367 3077 425 3125 pag.
452 3062 485 3110 60
509 3076 544 3124 sq.
577 3053 642 3122 Ejus
665 3074 827 3123 personarum
852 3061 924 3108 docta
943 3060 987 3108 sed
1003 3059 1107 3108 molesta

367 3151 499 3216 loquacitas
526 3165 584 3214 pag.
609 3152 637 3199 61
666 3164 718 3214 sqq.
737 3133 913 3212 Philosophiae
929 3138 1062 3198 ostentatio
1078 3149 1104 3195 in

367 3242 488 3306 Euripide
504 3257 553 3291 uon
571 3241 696 3304 probanda
712 3255 770 3304 pag.
787 3241 819 3288 65
836 3253 871 3303 sq.

232 3351 404 3440 'CAPUT
425 3371 466 3437 V.
514 3369 688 3455 Euripides
709 3369 746 3433 in
769 3389 866 3433 scena
886 3367 995 3431 rhetor
1002 3408 1101 3430 .....
1111 3395 1127 3431 a
1176 3369 1323 3467 dis—83.

400 3498 483 3562 Hujus
500 3498 611 3562 criminis
626 3497 738 3561 gravitas
751 3511 807 3559 pag.
822 3495 862 3545 67.
877 3493 1000 3545 Rhetores
1012 3493 1106 3544 civitati

367 3589 517 3639 Atheniensi
533 3602 657 3636 summam
674 3587 799 3635 invexisse
816 3585 953 3650 perniciem
969 3600 993 3648 p.
1010 3586 1043 3634 68
1055 3599 1107 3649 sqq.

367 3678 478 3728 Dicteria
501 3676 677 3740 Aristophanis
693 3691 751 3740 pag.
768 3677 802 3730 70
818 3691 869 3740 sqq.
896 3675 968 3725 Artis
986 3675 1106 3724 oratoriae

367 3768 454 3817 crebra
470 3766 536 3830 apud
552 3765 700 3830 Euripidem
721 3765 830 3828 vestigia
846 3779 905 3828 pag.
921 3765 967 3826 75;
984 3764 1123 3812 orationes-

366 3856 454 3905 labulis
470 3855 629 3904 intermixtae
637 3869 695 3918 pag.
707 3854 751 3914 763
768 3853 862 3916 dialogi
873 3852 953 3901 iorum
962 3833 1105 3914 resipientes

365 3961 423 4011 pag.
448 3947 480 3999 76
506 3959 554 4008 sq.;
579 3945 688 4008 speciosa
712 3950 861 4006 argumenta
877 3957 922 4004 pro
938 3941 1010 3989 malis
1025 3942 1103 3990 caude

366 4051 423 4100 pag.
440 4035 485 4096 783
502 4035 585 4084 nuncii
601 4034 698 4084 verbosi
714 4047 771 4096 pag.
787 4033 820 4084 79
831 4046 880 4094 sq.;
897 4007 1103 4095 augaeetymolo·

366 4123 435 4188 gicae
463 4138 521 4187 pag.
544 4123 578 4172 80
602 4137 656 4186 sqq.
688 4121 858 4183 Aliquatcuus
882 4127 965 4168 amen
991 4117 1105 4182 Euripidi

366 4213 543 4278 ignoscendum
559 4227 616 4276 pag.
632 4212 665 4260 82
682 4225 717 4274 sq.

256 4330 402 4398 CAPUT
426 4329 485 4394 Vl.
535 4327 708 4413 Euripides
725 4347 853 4392 morum
873 4328 1127 4409 corruptos...
1175 4328 1324 4392 84-90.

398 4444 465 4492 Mira
487 4443 622 4502 mentatio,
647 4441 758 4506 proiecta
773 4441 804 4489 ab
820 4439 987 4503 Aristophane
1003 4449 1054 4486 non
1071 4438 1105 4485 ita
1153 4487 1156 4494 ,

367 4542 435 4583 casto
459 4540 532 4597 poeta
559 4545 616 4596 pag.
641 4533 674 4582 84
692 4547 727 4596 sq.
744 4531 808 4592 Quid
825 4536 908 4579 nmen
924 4529 969 4581 sub
985 4543 1015 4578 ea
1031 4528 1106 4576 lateat
