3284 5338
871 450 914 512 80

399 632 474 699 Non
504 631 613 698 minus
644 630 832 716 importuna
864 632 947 698 mihi
981 631 1111 699 videtur
1142 633 1177 697 in
1209 634 1289 700 Ione
1313 635 1424 702 fabula

355 744 532 812 verbositas
555 743 685 828 nuncii,
711 742 868 831 quidum
891 743 1045 811 Creticam
1071 745 1214 831 quaerit,
1238 768 1337 834 quam
1352 769 1422 814 mo-

354 865 430 924 neat
459 858 499 924 de
526 858 670 923 instante
696 856 783 922 vitae
808 856 952 942 periculo
968 858 990 940 ¹,
1015 857 1167 923 subsistit
1187 858 1423 946 aliquantisper

353 975 391 1036 ut
419 971 461 1036 ad
486 991 630 1056 unguem
652 968 813 1036 describat
834 969 955 1056 figuras
978 968 1129 1056 impietas
1155 971 1279 1038 aulaeis
1304 975 1419 1059 quibus

265 1131 273 1153 r
354 1085 415 1149 Ion
437 1084 472 1148 in
493 1083 637 1169 parando
660 1082 808 1149 convivio
831 1089 1002 1148 ornaverat
1025 1085 1212 1152 tentorium.
1227 1086 1320 1152 -Si
1344 1086 1422 1152 talia

352 1195 591 1282 vituperatione
632 1201 762 1262 exemta
797 1205 889 1280 suut,
933 1195 1083 1283 equidem
1117 1197 1170 1264 vel
1203 1198 1284 1266 furris
1318 1200 1422 1286 capite

353 1308 515 1392 damumi,
537 1309 652 1394 laqueo
670 1308 741 1394 jam
764 1308 872 1374 fauces
895 1316 1080 1395 premente,
1101 1310 1203 1377 feram
1218 1312 1297 1399 quin
1314 1320 1348 1378 et
1363 1315 1421 1379 ad-

352 1423 493 1490 mirabor
522 1423 700 1488 orationem
731 1422 931 1507 tripartitam
963 1444 1038 1488 eum
1065 1424 1199 1510 prologo
1222 1433 1256 1492 et
1278 1426 1417 1513 epilogo

397 1535 450 1602 Ad
480 1535 573 1599 illam
604 1542 707 1600 artem
734 1534 911 1620 sophistice
933 1536 1107 1602 oratoriam
1127 1537 1293 1623 pertinent
1323 1541 1421 1605 etiam

354 1648 501 1736 argutiae
531 1647 780 1734 grammaticae,
813 1670 893 1735 quas
924 1649 1045 1734 pariter
1076 1650 1208 1716 adamat
1231 1651 1421 1737 Euripides,

353 1767 386 1828 et
409 1783 489 1849 quas
511 1763 613 1829 risum
634 1761 821 1849 praebuisse
844 1762 1057 1849 Aristophani
1080 1786 1178 1851 supra
1189 1765 1259 1849 jam
1275 1767 1422 1832 animad-

352 1875 509 1943 vertimus
528 1877 616 1963 (pag.
644 1878 686 1942 74
709 1876 783 1942 adn.
809 1877 858 1962 4),
883 1899 983 1963 quum
1008 1876 1142 1943 inducat
1164 1900 1240 1944 eum
1262 1879 1303 1944 de
1325 1877 1431 1965 syno·'

352 1989 460 2076 nymis
493 1989 599 2056 verbis
628 1989 691 2066 ήκω
715 1996 748 2056 et
770 1993 958 2079 κατέρχομαι
980 1991 1134 2056 subtilius
1158 2013 1233 2057 eum
1257 1993 1422 2078 Aeschylo

353 2103 584 2190 disputantem.
609 2143 653 2152 -
677 2104 818 2170 Fabulas
850 2103 1043 2190 Euripideas
1067 2105 1096 2171 si
1119 2106 1279 2192 perlegis,
1303 2106 1421 2173 identi-

356 2218 432 2285 dem
459 2216 577 2284 incidis
609 2217 644 2281 in
672 2217 842 2282 verborum
874 2216 1089 2283 derivationes
1113 2223 1182 2288 tarn
1205 2218 1361 2285 absurdas
1385 2225 1422 2285 ut

355 2353 429 2397 curn
458 2329 600 2415 cujusvis
629 2328 756 2395 classici
784 2329 949 2415 scriptoris
980 2330 1173 2397 commentis
1196 2332 1421 2417 etymologiois

343 2449 479 2510 certare
510 2443 646 2529 possint.
694 2442 835 2508 Doctum
866 2443 949 2507 illud
980 2443 1119 2510 Tiresiae
1150 2444 1421 2528 deliramentum,

358 2555 415 2621 ubi
438 2557 478 2622 de
500 2577 616 2622 vocum
637 2557 738 2642 μηρὸς
760 2559 794 2620 et
817 2559 937 2642 ὅμηρος
961 2554 1052 2621 inani
1075 2557 1291 2623 similitudine
1313 2557 1421 2643 philo·

356 2667 529 2753 sophatur,
549 2667 620 2753 jam
642 2667 784 2732 vidimus
799 2666 821 2733 ².
857 2666 985 2732 Nomen
1001 2667 1154 2753 antiquae
1168 2669 1273 2734 tribus
1288 2669 1424 2735 donicae

355 2879 432 2931 armis
456 2880 574 2945 et-aiguis
590 2879 756 2940 nunciaretur,
772 2878 875 2943 ideoque
891 2885 947 2943 post
961 2894 1072 2944 pugnam
1089 2881 1190 2930 demum
1206 2886 1332 2943 peractam
1351 2894 1422 2930 enum

353 2971 470 3021 nuncium
485 2969 644 3034 produxisse,
660 2971 691 3020 de
708 2969 796 3019 iisdem
813 2969 958 3019 relaturum.

387 3061 416 3112 st
439 3067 519 3120 reete,
534 3085 566 3096 ·-
581 3059 648 3123 quod
671 3058 733 3108 mihi
756 3065 839 3107 tamen
856 3071 905 3107 non
922 3063 1018 3107 constat
1033 3084 1065 3093 -
1082 3056 1129 3106 hoe
1145 3056 1261 3120 opinatus
1278 3064 1316 3108 ast
1334 3056 1425 3107 Mullo-

356 3165 411 3212 rus,
435 3154 557 3214 quantum
582 3151 691 3200 dieamus
714 3165 729 3198 a
753 3163 814 3198 vero
837 3147 966 3198 aberrasse
992 3147 1153 3210 Euripidem,
1180 3153 1308 3211 putantem
1331 3147 1426 3196 scilieet

360 3239 536 3304 opportuniora
551 3239 606 3288 loco
623 3254 638 3287 a
654 3251 681 3287 se
697 3238 817 3287 insertum
833 3250 888 3286 esse
906 3235 977 3285 illum
994 3234 1103 3300 οήγέλου
1119 3234 1210 3300 λόγονῑ

389 3330 396 3360 ¹
431 3331 485 3380 Iou.
501 3343 539 3378 vs.
557 3331 621 3380 1106
637 3343 689 3393 sqq.

391 3417 402 3450 θ
433 3418 505 3483 ¹Coul.
524 3434 598 3483 supra
614 3433 670 3482 pag.
687 3419 718 3468 21
737 3419 794 3467 adn.
809 3417 833 3466 6.
850 3443 883 3452 -
898 3415 981 3465 Locus
997 3414 1039 3463 hie
1055 3421 1106 3474 est,
1121 3414 1213 3465 Bacch.
1229 3429 1266 3468 vs,
1282 3415 1426 3466 oss-297:

529 3511 533 3516 ’
577 3509 618 3559 καὶ
634 3508 778 3572 καταγελᾷς
795 3524 846 3568 νιν,
864 3505 898 3564 ὡς
914 3505 1034 3571 ἐνερράφη
1051 3506 1111 3564 Διὸς

578 3599 658 3663 μηρῷ·
677 3595 766 3652 διδάξω
783 3593 806 3644 σ’
824 3595 859 3652 ὡς
875 3595 958 3653 καλῶς
975 3595 1025 3658 ἔχει
1042 3593 1106 3644 τόδε.

509 3694 513 3698 ’
580 3687 635 3736 tersi
651 3705 693 3737 νιν
711 3683 803 3750 ήρπασ’
820 3684 846 3732 έκ
864 3685 944 3748 πυρὸς
961 3683 1091 3748 κεραυνίου

579 3776 654 3840 Ζεύς,
672 3773 707 3833 εἰς
724 3772 745 3823 d’
758 3771 898 3836 Ὄλυμπον
913 3769 1007 3836 βρέφος
1024 3767 1157 3836 α’νήγαγεν
1174 3769 1243 3832 νέον,

574 3865 644 3931 ’Ἡρα
660 3883 702 3915 νιν
717 3862 787 3925 ἤθελ’
804 3861 922 3925 ἐκβαλεῖν
938 3855 985 3911 ἀπ’
1002 3859 1121 3925 οὐρανοῦ.
1178 3853 1180 3860 ’

579 3957 639 4014 Ζεὺς
656 3953 677 4005 d'
695 3951 916 4020 ἀντεμηχανήσαθ’
934 3951 976 4001 οἶα
994 3949 1025 4010 δή
1042 3949 1107 4007 θεός.

578 4043 656 4109 ῥήξας
672 4045 746 4111 μέρος
762 4063 787 4094 τι
804 4046 850 4093 τοῦ
866 4041 937 4106 χθόν’
954 4039 1149 4106 ἐγκυκλουμένου

580 4133 692 4200 αἰθέρος,
708 4135 778 4196 ἔθηκε
795 4131 862 4182 τόνδ’
881 4131 975 4196 ὅμηρον
990 4129 1099 4188 ἐκδιδοὺς

581 4226 705 4275 Διόνυσον
716 4224 799 4290 Ἥρας
815 4221 922 4274 νεικέων·
941 4221 1025 4286 χρόνῳ
1043 4218 1067 4269 δέ
1085 4238 1128 4269 νιν

579 4314 668 4378 βροτοὶ
685 4314 811 4380 τραφῆναί
828 4323 905 4379 φασιν
922 4311 949 4360 ἐν
965 4312 1036 4375 μηρηῖ
1052 4309 1126 4371 Διός,

579 4403 660 4467 ὄνομα
676 4401 891 4469 μεταστήσαντες,
909 4399 948 4450 ὃτι
964 4399 1011 4464 θεᾷ
1026 4398 1082 4456 θεὸς

578 4489 645 4556 ''pr
663 4492 721 4540 ποθ’
739 4489 876 4556 ὡμήρευσε,
894 4487 1026 4546 συνθέντες
1042 4487 1130 4551 λόγον.
