3284 5338
805 407 864 468 154

294 587 485 669 respondens,
509 595 543 650 ut
564 588 696 660 videtur,
719 587 757 648 ad
778 587 871 666 patris
893 585 1080 665 indignantis
1091 605 1167 666 quse
1177 597 1380 666 praecesserat

292 685 508 764 quaestionem:

455 781 623 866 αἴσχιστον
646 781 741 866 ἔργον
764 777 981 866 προςβλὲπεις
1003 778 1034 860 μ’
1056 783 1275 866 εῖργασμένας;

1044 874 1156 937 (Fragm.
1177 876 1206 924 19
1223 874 1310 938 Dind.)

335 956 470 1036 Denique
501 955 615 1016 ridetur
645 956 727 1016 locus
758 955 809 1015 ille
841 973 876 1014 er
898 953 1041 1033 Polyido,
1063 974 1152 1033 quem
1173 956 1266 1015 etiam
1287 977 1380 1036 supra

293 1073 335 1114 rs.
360 1056 436 1113 1082
458 1052 681 1131 perstrinxerat:

454 1145 608 1223 ricuidis
632 1150 656 1212 εἶ
682 1149 719 1216 τὸ
745 1147 802 1223 ζῆν
820 1149 875 1228 μίν
897 1149 962 1211 ἐστι
981 1145 1160 1220 κατθανεῖν,

454 1246 492 1309 τὸ
512 1241 676 1308 κατθανεῖν
696 1239 727 1308 δὲ
750 1242 807 1318 ζῆν
828 1243 910 1307 κᾶτω
933 1241 1104 1325 νομίζεταιῐ
1282 1283 1286 1292 ·

1024 1337 1138 1402 (Fragm.
1155 1338 1204 1386 639
1222 1337 1310 1397 Diod.)

333 1466 422 1530 rina
443 1485 486 1526 vs.
508 1470 560 1525 39:

455 1565 485 1624 τῖ
506 1557 581 1636 δἠτα
602 1559 728 1646 Φοῖβος
748 1561 857 1626 ἔλακεν
878 1564 995 1626 ἐκτῶν
1016 1561 1211 1644 στεμμάτωνς

335 1656 418 1716 Haeo
438 1675 473 1716 ex
495 1654 638 1734 Euripide
658 1663 758 1716 sumta
777 1675 840 1716 esse
861 1663 989 1716 testatur
1010 1655 1102 1716 schol.

333 1833 417 1900 Ibld.
438 1852 480 1893 vs.
505 1837 595 1894 1127:

455 1927 564 2004 ποθεῖς
585 1931 641 1995 τὸν
663 1933 701 1995 οὐ
723 1933 866 2016 παρόντα
885 1937 933 1996 καὶ
950 1933 1050 2011 μάτην
1075 1930 1195 2005 καλεῖς,

292 2023 330 2083 de
350 2024 432 2102 Hyla
452 2042 540 2102 quem
562 2023 705 2084 Hercules
726 2025 837 2084 frustra
856 2025 1030 2103 quaerebat,
1046 2025 1109 2085 sine
1123 2024 1260 2084 duhioer
1275 2025 1378 2104 aliqua

294 2117 445 2196 tragoedia
465 2119 628 2191 emanarit,
650 2119 775 2179 fortasse
796 2118 968 2197 Euripidea.

334 2298 379 2357 Ex
399 2299 549 2379 Anagyro
569 2297 741 2358 Athenaeus
762 2297 822 2372 (IV
836 2317 904 2376 pag.
929 2297 1107 2376 133b)hanc
1121 2296 1274 2375 perediam
1290 2297 1377 2355 affert

292 2393 441 2454 notissimi
472 2393 528 2453 loci
556 2391 711 2471 Euripidei
733 2391 871 2471 (Hippoi.
893 2412 936 2452 rs.
959 2398 1034 2466 219,
1056 2394 1094 2452 cf.
1116 2411 1205 2470 supra
1223 2391 1261 2450 ad
1283 2391 1375 2468 Vesp.

292 2509 334 2550 vs,
356 2493 441 2566 750):

453 2589 536 2674 πρὸς
559 2584 655 2658 θεῶν,
677 2586 785 2673 ἔραμαι
805 2588 927 2671 τέττιγα
948 2595 1059 2672 φαγεῖν

454 2688 502 2746 καὶ
521 2683 682 2768 κερκώπην
706 2680 914 2766 θηρευσαμένη

454 2776 582 2862 καλαμῳ
603 2776 719 2862 λὲπῗῳ·
942 2858 1033 2918 (ΔΓΜ,
1050 2857 1139 2922 smgm,
1159 2859 1205 2906 146
1222 2857 1310 2917 Dind.)

333 2999 358 3058 E
381 3007 592 3084 Γεωργοῖς
605 2999 748 3060 Stohaeus
758 3000 861 3074 (floril.
873 3005 920 3072 55,
934 3004 966 3078 2)
979 3001 1107 3060 servavit
1118 3005 1246 3080 quatuor
1257 3018 1373 3070 versus,

292 3115 418 3174 quornm
439 3094 488 3154 hio
509 3100 554 3154 est
574 3094 700 3173 primus:

454 3193 571 3276 Εἰρήνη
592 3187 799 3272 βαθύπλουτε
820 3196 867 3256 καὶ
888 3190 1056 3277 ζευγᾶριον
1076 3189 1217 3277 βαεικόυ·
1257 3200 1261 3208 ’
1453 3268 1458 3282 1

293 3286 378 3347 Idem
408 3285 519 3363 adjecit
552 3285 702 3346 canticum
722 3306 757 3346 ex
780 3285 933 3364 Euripidis
954 3285 1136 3364 Cresphonte
1157 3286 1245 3362 (Eur.
1267 3285 1374 3364 fragm.

293 3387 351 3442 462
384 3379 492 3458 Dind.)
523 3380 602 3459 qnod
627 3381 857 3461 Aristophanes,
889 3400 958 3440 cum
985 3401 1019 3440 ea
1040 3372 1198 3455 scriberet,
1220 3383 1251 3440 in
1273 3387 1374 3440 mente

292 3477 399 3536 habere
420 3476 532 3554 potuit:

457 3576 573 3659 Εἰρήνη
594 3571 799 3658 βαθῦπλουτε
826 3574 873 3640 καὶ

453 3665 608 3730 καλλίστα
629 3669 775 3753 μακᾶρωυ
798 3667 877 3732 θεῶν
898 3673 953 3727 eto.

940 3763 1029 3822 (Arist.
1046 3764 1136 3827 fragm.
1156 3762 1202 3813 163
1219 3764 1305 3825 Dind.)

335 3899 360 3958 E
375 3897 534 3978 Gerytade
550 3897 582 3957 hi
598 3917 698 3958 versus
714 3899 752 3958 ab
763 3898 916 3962 Athenaeo
928 3907 998 3960 sunt
1009 3902 1117 3962 servati
1133 3902 1212 3978 (XII
1225 3923 1253 3981 p.
1267 3907 1372 3982 551a):

455 3999 502 4060 καὶ
522 3999 571 4068 τῖς
592 4001 710 4081 νεκρῶν
731 3995 889 4078 κευθμῶνα
911 4001 959 4061 καὶ
982 3999 1096 4063 σκότου
1117 3999 1223 4074 πύλας
1315 4051 1319 4060 .

454 4087 527 4164 ἔτλη
548 4089 719 4160 carettum

294 4183 369 4258 Quis
389 4183 437 4242 hic
458 4201 518 4242 non
538 4183 745 4244 reminiscatur
766 4187 922 4245 verborum
944 4205 1019 4265 quae
1041 4189 1128 4248 initio
1150 4189 1292 4250 Hecubae
1309 4191 1370 4251 edit

294 4277 397 4338 umbra
420 4276 570 4355 Polydori:

456 4373 518 4447 ἥκω
541 4380 657 4460 νεκρῶν
677 4374 835 4456 κευθμῶνα
857 4383 904 4442 καὶ
927 4383 1042 4445 σκότου
1063 4382 1167 4456 πύλας
1217 4415 1220 4421 ·

455 4464 571 4540 λιπών,
590 4468 630 4534 ‘i'v'
647 4466 750 4545 Ἅιδης
772 4478 871 4557 χωρὶς
893 4473 1015 4557 ᾤκισται
1035 4475 1127 4550 θεῶν,
1147 4483 1201 4537 eiC-
