3284 5338
750 464 810 526 113

244 647 345 715 habeo
382 647 537 730 dicenda,
561 645 646 712 infra
668 647 702 710 in
725 646 873 732 catalogo
896 669 1049 714 versuum
1071 647 1319 736 Euripideorum

242 763 283 826 ab
303 761 522 848 Aristophane
545 759 814 847 πέπομῳδηρένων
837 761 903 847 legi
923 769 1070 847 possunt.
1099 765 1246 852 Denique
1258 766 1320 832 huc

243 875 385 960 pertinet
415 877 537 940 uanas
560 897 605 940 vs.
637 877 721 958 849,
743 874 799 940 ubi
823 875 1005 959 Aeschylus
1028 876 1129 942 bilem
1155 879 1190 943 in
1222 879 1320 944 Euri-

243 988 352 1073 pidem
376 985 546 1054 effundens
568 988 655 1053 inter
678 987 742 1052 alia
766 987 847 1053 dicit
866 1010 941 1054 eum
963 991 1120 1072 Κρητικὰς
1153 991 1319 1078 συλλέγειν
1354 989 1356 997 ’

242 1099 409 1186 μονῳδίας.
458 1103 521 1168 Hic
555 1124 667 1168 versus
701 1103 781 1167 olim
813 1102 922 1168 minus
945 1110 1032 1168 reete
1055 1102 1320 1189 intelligebatur,

244 1236 344 1300 quum
388 1216 585 1301 adjectivum
621 1217 777 1301 Κρμπικὰς
811 1215 966 1281 referrent
1000 1216 1041 1281 ad
1079 1216 1248 1283 materiem
1280 1217 1338 1281 ab'

243 1327 402 1413 Euripide
435 1315 607 1394 tractatam
646 1327 681 1391 in
714 1327 826 1392 fabula
860 1327 1068 1394 Cretensibus
1102 1332 1160 1393 aut
1185 1328 1319 1394 Cressis.

243 1441 427 1507 Fritsohius
465 1463 539 1507 vero
573 1441 687 1507 attulit
712 1441 874 1506 Athenaei
902 1441 1010 1506 locum
1031 1440 1063 1504 V
1093 1461 1167 1526 pag.
1199 1442 1319 1523 l8lb¹,

244 1554 374 1620 atinde
399 1555 509 1620 docuit
532 1556 585 1621 hic
610 1554 775 1641 designari
798 1555 925 1620 cantica
937 1577 1019 1641 quae
1035 1555 1075 1620 ab
1089 1555 1201 1620 eodem
1214 1561 1321 1621 actore

244 1672 277 1730 et
300 1671 471 1732 cantentur
495 1673 527 1733 et
548 1668 724 1752 saltantur,
738 1667 847 1755 qualia
861 1670 1101 1756 ὑπορχήμαποο
1114 1667 1321 1734 Cretensibus

245 1801 314 1844 esse
353 1779 487 1845 inventa
525 1786 664 1846 testatur
697 1781 886 1846 Athenaeus
921 1779 988 1863 l.l.,
1013 1803 1115 1866 quum
1138 1781 1320 1867 antiquitus

245 1914 282 1958 ea
316 1892 370 1958 lex
406 1893 440 1956 in
474 1915 569 1958 scena
606 1893 729 1978 tragica
751 1893 874 1958 valeret
896 1898 934 1962 ut
958 1893 1042 1960 alius
1064 1899 1213 1977 caneret,
1236 1895 1321 1961 alius

245 2006 286 2070 ad
313 2005 382 2091 ejus
405 2007 502 2071 verba
522 2006 674 2090 saltaret,
700 2011 734 2070 et
749 2006 782 2070 in
795 2005 900 2071 choris
924 2027 1050 2092 quoquc
1064 2006 1165 2074 altera
1189 2007 1322 2073 choreu-

245 2123 351 2183 tarum
385 2140 459 2204 pars
495 2125 647 2202 cantum,
676 2112 777 2184 alter'a
805 2119 1011 2184 saltationem
1032 2123 1208 2205 perageret.
1260 2120 1323 2184 Pro

245 2230 403 2316 exemplis
416 2231 532 2297 talium
544 2235 777 2321 ὑπορχημάτων
799 2233 941 2298 citantur
957 2231 1080 2298 Orestis
1093 2253 1139 2298 vs.
1154 2234 1322 2318 982sqq.,

248 2349 333 2412 1369
358 2370 449 2433 sqq.,
474 2347 642 2413 Phoeniss.
667 2369 714 2412 vs.
741 2350 802 2412 301
830 2369 898 2433 sqq.

291 2461 423 2527 Certum
452 2466 486 2526 et
506 2482 571 2525 non
595 2459 780 2525 mirandum
805 2467 872 2542 est,
909 2459 1100 2543 Euripidem
1124 2458 1218 2524 valde
1241 2458 1323 2523 dile·

245 2574 333 2639 xisse
367 2573 557 2655 monodias,
596 2594 675 2657 quas
705 2571 939 2657 pulcherrimas
976 2592 1071 2656 saepe
1096 2571 1280 2656 composuit
1297 2577 1321 2653 ²,

246 2686 342 2752 modo
366 2708 408 2751 ne
432 2709 470 2751 ea
490 2685 615 2750 trutina
626 2685 792 2750 examines
805 2707 868 2771 qua
879 2685 1021 2750 comicus
1034 2732 1042 2766 ,
1056 2705 1159 2769 neque
1174 2682 1321 2768 profecto

247 2799 384 2885 injuria,
423 2800 605 2885 tragoedias
642 2798 838 2885 perpendere
871 2798 1016 2890 solebat·
1054 2797 1094 2862 In
1124 2797 1164 2862 iis
1194 2818 1322 2882 quoque

245 2936 350 3000 genus
383 2913 519 2980 canendi
554 2919 689 2998 apparet
722 2912 821 2977 molle
857 2917 891 2977 et
909 2909 1052 2992 debile,
1086 2931 1202 2995 parum
1226 2931 1323 2994 saepe

247 3026 359 3110 virile,
394 3027 560 3092 interdum
596 3047 698 3110 paene
727 3023 937 3110 languidum,
965 3030 998 3088 et
1025 3023 1064 3088 iis
1088 3021 1322 3087 blandimentis

248 3139 390 3205 metricis
414 3139 610 3225 musicisque
633 3145 802 3220 ornatum,
825 3159 927 3224 quae,
950 3137 991 3202 ab
1003 3136 1139 3221 antiqua
1150 3155 1323 3220 severaque

249 3252 423 3318 sobrietate
457 3273 588 3336 prorsus
618 3250 744 3333 aliena,
777 3248 1011 3316 contumeliose
1044 3249 1084 3313 ab
1109 3247 1326 3334 Aristophane

249 3371 405 3432 vocantur
432 3369 592 3454 μύρμηκος
614 3365 751 3451 ἀτραποί
764 3366 786 3428 ³.
823 3363 994 3430 Caeterum
1030 3383 1113 3448 quae
1140 3361 1179 3426 de
1212 3360 1325 3425 mebris

187 3483 190 3488 “
250 3476 383 3543 variatis
403 3475 505 3562 deque
529 3476 657 3542 novatis
679 3476 822 3542 musicae
841 3475 970 3562 legibus
994 3473 1138 3560 (parcius
1151 3494 1249 3559 quam
1269 3493 1327 3538 vo-

250 3593 391 3677 lueram)
424 3591 610 3676 observavi,
644 3591 686 3666 ad
725 3590 893 3657 monodias
926 3612 992 3656 non
1026 3589 1135 3654 minus
1162 3586 1327 3673 pertinent

252 3727 349 3791 quam
387 3705 428 3770 ad
467 3705 594 3770 chorica
624 3704 721 3790 μέλη,
757 3726 816 3770 neo
851 3704 902 3769 bis
932 3703 1029 3788 juvat
1064 3703 1168 3766 dicere
1203 3699 1324 3766 eadem.

253 3819 367 3886 Unum
390 3825 499 3882 tamen
521 3822 572 3882 est
596 3816 682 3902 quod
705 3838 779 3881 cum
803 3816 974 3916 plane'sit
997 3813 1173 3899 singulare,
1197 3810 1328 3878 silentio

253 3957 318 4000 non
344 3906 637 4019 praetereundum:
669 3931 821 3996 monodia
855 3930 1026 4015 (Androm.
1060 3950 1106 3993 vs.
1138 3923 1286 3992 103-11
1313 3924 1328 4007 )

257 4105 329 4112 ...-

288 4169 373 4227 ιΤοῖς
396 4169 443 4233 μὲν
468 4169 513 4217 οὖν
538 4169 637 4231 Κρησὶν
662 4167 678 4227 ἦ
704 4145 860 4231 ποόρχησις
877 4165 1012 4228 ἐπιχώριος
1030 4164 1071 4214 καὶ
1089 4164 1117 4212 τὸ
1135 4161 1331 4225 κυβιστᾶν---

254 4259 312 4307 ὅθεν
328 4259 369 4306 καὶ
385 4259 487 4324 τμητικὰ
502 4258 607 4306 καλοῦσι
623 4258 655 4306 τὰ
672 4255 852 4321 ὑπορχήματα.

287 4346 396 4397 ’Vetus
418 4346 570 4411 biographus
595 4348 621 4396 in
636 4346 733 4411 proleg.
758 4346 790 4397 ad
809 4345 953 4409 Euripidem
971 4345 1058 4407 (Dind.
1076 4345 1141 4407 111):
1159 4348 1213 4401 τοῖς
1230 4341 1332 4408 μέλεσίν

255 4439 324 4489 ἐστιν
340 4439 479 4505 ἀμίμητος,
497 4439 747 4504 παραγκωνιζόμενος
765 4439 823 4494 τοὺς
839 4438 992 4500 μελοποιοὺς
1009 4433 1100 4496 σχεδὸν
1117 4432 1225 4490 πάντας.

288 4528 464 4592 ³Thosm0ph.
482 4543 518 4576 vs.
537 4529 590 4578 100.

1177 4614 1195 4674 8
1264 4595 1268 4604 ,
