3258 5328
756 461 797 522 63

240 642 367 724 abiens,
410 648 548 726 quatuor
587 663 698 708 versus
727 643 843 708 recitat
876 642 1105 729 frigidissimos
1131 645 1151 709 ¹.
1201 646 1315 712 Medea

167 839 170 844 Ι
241 775 383 840 quoque,
410 753 487 818 dum
513 754 631 820 liberos
657 778 676 820 a
700 777 734 820 se
757 755 898 822 dimittit
917 777 997 842 qnos
1022 757 1110 822 brevi
1133 766 1316 828 mactatura

241 874 307 952 est,
332 867 367 931 in
389 868 455 936 fine
481 869 600 934 nobilis
624 869 844 954 monologiae,
864 869 938 954 jure
961 891 1088 955 semper
1111 879 1144 938 et
1167 877 1315 941 certatim

241 981 409 1064 laudatae,
436 1002 502 1046 non
536 967 645 1066 potest
669 983 747 1067 quin
770 983 899 1047 doctam
923 982 1022 1048 addet
1045 986 1275 1052 sententiolam
1290 988 1313 1052 ⁹.

241 1270 291 1318 seio
308 1269 334 1317 in
351 1267 474 1331 Aeschyli
491 1269 672 1318 Eumenidibus
687 1272 793 1319 eundem
810 1285 908 1320 sensum
925 1273 1047 1334 exprimi;
1064 1274 1108 1321 sed
1125 1275 1173 1322 duo
1184 1275 1317 1324 cumidem

240 1360 339 1418 dicunt,
356 1371 405 1407 non
423 1369 461 1407 est
478 1358 551 1408 idem.
586 1359 718 1422 Euripides
736 1360 776 1408 hic
792 1375 900 1424 qnoque,
917 1371 943 1409 ut
961 1361 1019 1409 alibi
1035 1362 1090 1426 plus
1105 1361 1190 1421 semei,
1201 1364 1317 1428 Aeschy-

240 1450 293 1498 lum
309 1459 467 1514 preepostere
484 1449 595 1498 imitatus
612 1459 657 1500 est.
692 1451 768 1513 Apud
784 1450 850 1499 hunc
867 1465 915 1502 non
932 1452 986 1514 ipse
1004 1450 1117 1511 Orestes,
1129 1454 1172 1501 sed
1179 1453 1317 1502 causidicus

241 1539 347 1602 Apollo,
363 1539 402 1587 cui
420 1538 499 1588 multo
516 1539 611 1588 facilius
627 1541 750 1589 condones
766 1542 878 1604 argutius
890 1540 1000 1591 forenses
1007 1557 1081 1605 quem
1090 1543 1137 1605 ipsi
1144 1544 1317 1607 μητροκτόνῳ,

240 1630 296 1679 ideo
321 1629 368 1678 hoc
391 1637 539 1693 argumento
565 1629 644 1678 utitur
661 1635 691 1678 ut
701 1631 795 1693 probet
813 1630 871 1694 (qua
887 1633 917 1680 de
933 1646 960 1680 re
977 1632 1002 1680 in
1020 1631 1153 1695 Euripides
1170 1632 1252 1680 sabula
1268 1644 1318 1678 non

240 1717 335 1782 agitur)
352 1734 403 1768 ποτε
423 1719 545 1768 adversus
561 1735 634 1768 ειειιτα
650 1723 799 1784 serspuc'rsem
816 1737 930 1784 peccasse
952 1722 1083 1798 Orestem.-
1105 1722 1225 1786 Aesehyli
1242 1722 1318 1771 verba

241 1807 302 1856 haec
318 1816 377 1855 sunt
393 1807 438 1867 (vs.
456 1807 505 1856 652
522 1809 595 1871 sqq.):

344 1920 441 1970 dhaes
457 1921 638 1971 mammaeam.
708 1989 711 1994 Ι

470 2015 525 2068 πῶς
541 2012 590 2075 γὰρ
608 2011 637 2059 τὸ
654 2010 754 2076 φεύγειν
770 2005 837 2060 τοῦδ’
856 2009 996 2074 ὑπερδικεῖς
1013 2012 1069 2076 ὅρα.

468 2100 495 2147 τὸ
512 2099 608 2163 μητρὸς
625 2098 677 2164 αἷμ’
695 2098 804 2163 ὅμαιμον
821 2099 909 2164 ἐκχέας
927 2099 1011 2162 πίθοι,

469 2185 544 2236 ἔπειτ’
561 2186 589 2236 ἐν
601 2186 686 2252 Ἀργει
702 2183 796 2251 δώματ’
814 2186 909 2247 οἰκήσει
927 2189 1038 2253 πατρὸς;

470 2277 564 2326 ποίοισι
581 2278 679 2340 βωμοῖς
697 2277 827 2341 χρώμενος
844 2279 898 2335 τοϊς
916 2275 1026 2341 δημίοιςς

470 2367 535 2415 ποία
551 2365 576 2415 δὲ
594 2365 683 2430 χέρνιψ
700 2364 830 2431 φρατέρων
848 2366 1020 2431 sparistarum

341 2483 439 2545 Apollo.

431 2634 434 2640 Ι
479 2573 521 2621 καὶ
539 2573 614 2623 τοῦτο
631 2572 706 2634 λέξω,
723 2574 763 2621 καί
780 2572 839 2638 μάθ’
856 2574 890 2632 ὡς
907 2574 986 2638 ὀρθῶς
1004 2575 1058 2639 ἐρῶ.

474 2662 519 2711 οὐκ
536 2664 588 2714 ἔστι
603 2662 685 2728 μήτηρ
701 2662 717 2723 ἡ
735 2662 872 2729 κεκλημένη
891 2663 978 2715 τέκνου
1065 2731 1068 2738 .

470 2753 571 2816 τοκεύς,
589 2755 680 2818 τροφὸς
697 2753 721 2803 δὲ
740 2754 852 2817 κύματος
869 2755 1020 2817 νεοσπόρου.

277 2893 441 2957 Caeteroquin
466 2895 532 2956 apud
554 2893 709 2957 Aeschylum
731 2906 830 2956 quoque
854 2892 897 2942 illo
922 2892 987 2942 dicto
1011 2892 1117 2943 libenter
1142 2909 1266 2954 cererem,
1292 2903 1320 2943 ut

244 2982 270 3030 in
296 2983 437 3046 Ὀρεστείας
461 2983 549 3032 fabulis
570 2993 656 3047 pectus
681 2996 731 3031 non
755 2996 810 3030 raro
835 2982 954 3032 desidero.
989 2983 1093 3033 Certum
1118 2992 1157 3032 est
1172 2983 1318 3048 Euripidem

152 3069 156 3078 ’
245 3088 295 3122 non
321 3074 400 3137 magis
428 3073 533 3123 feliciter
561 3074 601 3122 hic
626 3072 745 3137 Aeschyli
772 3071 880 3134 vestigia
907 3086 1020 3135 premere
1049 3087 1124 3136 quam
1148 3073 1208 3122 alibi
1234 3074 1265 3123 ab
1289 3088 1319 3122 eo

244 3161 355 3213 discedit.
1013 3211 1015 3215 .

278 3254 393 3317 Denique
417 3254 483 3317 spud
508 3251 675 3314 Aeschylum,
700 3249 798 3299 feminei
823 3265 898 3300 sexus
922 3258 1112 3309 contemtorem,
1135 3251 1215 3300 multo
1240 3252 1320 3301 nunus

244 3343 386 3393 offensionis
408 3343 481 3392 hebet
496 3342 553 3392 telis
569 3341 702 3399 sententie,
720 3355 794 3403 quem
810 3340 836 3389 in
852 3339 981 3404 tragoedia
997 3339 1137 3404 Euripidis,
1154 3341 1197 3405 qni
1214 3341 1319 3391 fortusse

245 3432 361 3482 mulieres
386 3434 483 3492 oderat,
510 3433 554 3480 sed
578 3446 620 3480 ees
645 3430 698 3479 siue
722 3429 797 3479 dubio
818 3443 868 3478 non
888 3428 1068 3493 vilipendebat,
1090 3431 1158 3480 etin
1174 3430 1276 3489 fabulis,
1293 3440 1320 3480 ut

244 3522 346 3586 posthac
363 3522 500 3572 ridebimus
516 3521 588 3587 (Cep.
604 3522 665 3584 vl),
681 3519 774 3584 primes
791 3520 843 3568 iere
859 3529 942 3583 partes
959 3519 988 3568 iis
1004 3519 1098 3570 tribuit.

279 3613 287 3643 ¹
320 3612 447 3662 Phoeniss.
478 3627 514 3660 vs.
546 3612 609 3662 1022
637 3626 704 3675 sqq„
729 3610 775 3659 hoc
800 3624 885 3674 sensu:
911 3610 974 3659 bene
1000 3625 1026 3660 se
1051 3611 1171 3661 heberent
1195 3610 1319 3670 civitates,

245 3706 266 3752 si
290 3717 376 3753 ornnes
400 3703 466 3752 cives
490 3702 638 3765 reipublicae
663 3701 827 3750 consulerent.
860 3700 939 3751 “Cive
968 3699 1044 3763 digne
1066 3700 1202 3750 sententiau
1219 3700 1319 3753 adnotet

245 3794 434 3844 Valckenarius.
468 3794 526 3869 Norr
551 3806 627 3857 nego,
651 3793 725 3841 modo
749 3805 793 3854 per
818 3801 844 3840 se
865 3791 977 3855 legatur,
998 3797 1128 3839 contextus
1150 3790 1220 3838 nulls
1235 3789 1319 3838 habita

245 3883 349 3933 ratione.

240 3959 246 3966 ¹
277 3972 289 4004 '·'
320 3973 455 4036 Postquam
481 3985 572 4034 magno
596 3983 652 4019 cum
677 3969 767 4020 effectu
789 3967 917 4019 horrificos
937 3981 1024 4017 versus
1042 3966 1116 4028 fudit,
1133 3981 1230 4017 summo
1246 3974 1320 4032 poeta

245 4063 334 4126 dignos
351 4062 431 4124 (Med.
451 4063 514 4114 1078
529 4063 583 4125 aql:

472 4154 512 4201 καί
529 4137 651 4216 μανθάνω
667 4152 713 4215 μὲν
730 4150 772 4200 οἶα
788 4149 852 4215 δρᾶν
867 4146 950 4212 μέλλω
967 4147 1043 4207 κακά,

352 4297 354 4303 ,
472 4243 550 4307 θυμὸς
566 4241 591 4291 δὲ
608 4240 730 4305 κρείσσων
746 4244 798 4290 τῶν
813 4239 880 4304 ἐμῶν
895 4235 1087 4302 βουλευμάτων,

245 4334 339 4384 utinam
363 4348 377 4383 e
400 4347 474 4383 scens
490 4330 651 4381 discessisset!
686 4329 736 4380 Sed
752 4336 812 4377 tunc
826 4340 876 4377 non
891 4339 951 4376 vere
968 4331 1033 4376 esset
1048 4323 1152 4375 heroine
1169 4325 1318 4391 Euripidem

245 4423 354 4474 subsistit
370 4423 449 4474 adhue
465 4431 492 4470 ut
508 4437 585 4471 unum
602 4419 752 4471 versiculum
768 4417 842 4466 addat
858 4429 959 4480 prorsus
972 4413 1087 4478 Jejunum

473 4510 550 4576 ίίσπερ
567 4513 691 4577 μεγίστων
709 4510 789 4566 αίτιος
807 4512 889 4557 κακῶν
905 4506 1018 4570 βροτοῖς.
