3284 5338
831 484 872 546 88

364 667 427 733 Sed
462 667 522 732 hoc
557 669 666 753 ipsum
700 672 770 733 erat
803 666 889 753 quod
913 662 1108 749 improbavit
1136 659 1394 743 Aristophanes3

318 780 441 846 sedicet
464 781 516 846 hio
540 802 667 866 quoque
690 779 851 846 comicum
874 788 906 844 et
930 777 1092 862 tragicum
1116 776 1285 842 dividebat
1308 773 1394 839 illud

318 893 491 958 discrimen
510 892 580 977 jam
600 893 729 978 saepius
745 899 915 974 notatum,
929 913 1050 956 novum
1064 891 1149 955 inter
1161 893 1195 954 et
1209 887 1395 986 antiquum.

319 1005 424 1084 Quam
458 1005 595 1070 obscura
625 1012 658 1071 et
675 1005 790 1090 jejuna
812 1009 899 1070 esset
922 1005 992 1071 vita
1015 1002 1189 1070 muliemm
1212 999 1398 1066 Athenien-

320 1117 405 1183 sium
417 1123 451 1183 et
461 1138 560 1202 quam
571 1139 671 1203 parva
683 1118 854 1184 haberetur
865 1141 977 1184 earum
989 1118 1084 1201 ratio,
1099 1117 1179 1183 satis
1193 1121 1309 1180 notum
1328 1118 1396 1190 est3

319 1230 480 1315 ingenuae
501 1228 646 1314 puellae,
669 1230 848 1314 parietibus
871 1235 1026 1317 paternae
1038 1279 1047 1314 ,
1073 1229 1191 1295 deinde
1213 1224 1399 1311 conjugalis

321 1341 438 1406 domus
460 1340 621 1424 inclusae,
639 1340 723 1405 nihil
739 1341 828 1407 aliud
839 1342 902 1408 sibi
914 1343 1116 1408 destinatum
1128 1340 1284 1406 videbant
1297 1359 1399 1424 qnam

321 1467 359 1519 ut
389 1451 508 1519 liberos
534 1458 738 1538 procrearent
765 1461 800 1521 et
822 1476 986 1521 servarum
1011 1455 1150 1540 opificiis
1170 1457 1357 1539 praeessent
1375 1456 1398 1527 ¹3

321 1587 425 1650 neque
457 1565 499 1629 ad
537 1587 590 1630 eas
624 1564 801 1631 afferebant
835 1566 924 1651 proci
968 1567 1134 1632 dammam
1169 1566 1398 1633 intemeratam

321 1840 364 1887 “in
381 1839 449 1888 ihrer
465 1839 516 1888 Art
533 1852 582 1888 von
599 1837 643 1886 der
659 1835 772 1901 grdssten
790 1836 940 1896 Schdnheit;
957 1836 1123 1886 abereiesind
1134 1837 1217 1885 weder
1231 1834 1400 1884 kdnstlerisch
1420 1842 1422 1847 '

319 1928 400 1977 “noch
424 1927 514 1977 sittlich
538 1927 606 1989 rein,
631 1927 682 1977 und
706 1927 890 1991 Aristophanes
910 1927 1045 1986 Vorwurl,
1061 1929 1117 1976 dass
1133 1929 1177 1976 der
1194 1927 1300 1976 Dichter
1325 1927 1401 1976 keinc

320 2019 465 2084 “Penelope
481 2033 512 2066 au
528 2017 651 2067 achildem
666 2019 799 2082 vermige,
811 2016 986 2067 'vollhommen
1002 2016 1166 2080 hegrtindet.”

356 2109 404 2159 Hie
428 2117 511 2157 umen
527 2107 609 2157 virum
625 2121 746 2172 maguum
762 2106 826 2156 duas
842 2121 881 2156 res
897 2105 1049 2156 oonhsndere
1065 2105 1161 2168 opinor.
1194 2104 1285 2155 Altera
1300 2104 1401 2168 quidem

324 2199 350 2246 ln
367 2196 479 2246 confesso
495 2204 545 2255 est,
562 2194 708 2259 Euripidem
725 2195 910 2245 commovendis
925 2210 1073 2260 quocunque
1085 2197 1159 2245 modo
1169 2195 1312 2258 pectoribus
1319 2194 1401 2243 inten-

323 2297 389 2346 tum,
412 2302 461 2338 non
477 2301 518 2336 eas
536 2286 643 2349 tragicas
660 2299 778 2348 personas
794 2286 841 2335 sihi
858 2287 1027 2351 depingendae
1044 2287 1137 2350 eligere
1154 2301 1217 2350 qnae
1234 2299 1330 2335 morum
1346 2293 1401 2333 tan·

322 2385 377 2424 tum
393 2376 499 2438 puritate
515 2374 659 2436 ingeniique
675 2375 782 2423 candore
793 2389 820 2423 se
831 2376 1019 2434 commendent,
1030 2375 1074 2424 sed
1085 2375 1148 2425 tales
1158 2375 1324 2438 potissimum,
1335 2388 1401 2437 qnae

326 2465 441 2515 violentis
457 2463 534 2513 animi
550 2463 658 2512 motibus
673 2464 781 2526 agitatae
798 2470 824 2512 et
841 2463 974 2527 insigniter
990 2463 1116 2524 infelices,
1132 2463 1276 2528 spectatoris
1289 2469 1402 2512 mentem

323 2569 398 2617 quam
422 2553 534 2603 maxime
558 2552 667 2602 afficiant
690 2551 868 2616 quatiuntque,
884 2553 972 2616 sniqne
988 2553 1101 2603 misereri
1117 2561 1217 2618 cogant.
1251 2552 1330 2616 Atqui
1346 2551 1403 2608 hoc¹
1496 2541 1501 2549 ’

325 2643 437 2706 quamvis
453 2657 555 2703 verum,
573 2656 622 2690 non
638 2642 796 2706 vituperatur
811 2641 864 2692 loeo
881 2657 895 2692 e
911 2643 1177 2708 Thesmophoriaausis
1188 2643 1272 2700 allato,
1283 2641 1402 2704 sedqnod

324 2733 458 2796 Euripides
482 2732 600 2782 mulieres
626 2727 709 2780 amica
733 2732 814 2794 potius
836 2747 909 2794 qnam
935 2732 1010 2782 bonas
1033 2734 1059 2781 in
1076 2747 1175 2782 scenam
1192 2731 1299 2781 duxerit.
1333 2730 1404 2778 Istuc

325 2838 386 2872 vero
411 2823 434 2872 ei
462 2837 511 2871 non
535 2821 627 2887 injuria
651 2823 682 2872 ab
706 2821 876 2886 Aristophane
897 2835 950 2872 esse
972 2822 1107 2887 objectum,
1127 2837 1176 2872 non
1192 2820 1255 2870 mihi
1271 2818 1405 2882 persuadet

326 2913 509 2970 Mommsenus,
529 2937 561 2948 —
578 2911 627 2958 nisi
643 2909 707 2960 sorte
723 2911 856 2975 Polyxena
871 2925 968 2974 quoque
983 2926 1057 2974 quam
1068 2911 1193 2968 nominat,
1203 2909 1244 2958 vel
1257 2907 1405 2972 Iphigenia,

327 3004 454 3063 πονηραῖς
468 2998 550 3063 potins
566 3012 641 3063 quam
658 2999 768 3064 σώφροσι
783 2993 932 3048 mulieribus
948 2999 981 3047 sit
997 2999 1155 3049 accensenda.

361 3089 368 3120 ¹
389 3089 424 3139 Ut
440 3102 494 3138 rem
511 3089 572 3138 satis
587 3088 714 3152 cognitam
730 3103 781 3138 uno
799 3089 917 3152 exemplo
934 3089 1073 3148 illustrem,
1086 3089 1150 3138 hene
1161 3087 1222 3136 mihi
1234 3086 1335 3135 videtur
1345 3099 1404 3133 cum

328 3178 505 3242 Arioophanis
521 3184 576 3226 tum
592 3187 746 3228 caeteromm
763 3178 815 3242 ejus
832 3179 953 3243 temporis
970 3179 1099 3228 hominum
1116 3178 1201 3240 opinio
1216 3179 1247 3226 de
1257 3174 1406 3226 mulieribus

327 3268 435 3330 exprimi
451 3266 533 3316 verbis
550 3281 613 3330 quae
629 3267 711 3330 primo
727 3273 815 3331 poetae
831 3267 938 3326 comico,
958 3267 1099 3326 Susarioni,
1116 3266 1284 3316 attribuuntur
1300 3279 1316 3312 a
1333 3263 1407 3312 seho-

328 3355 399 3403 liasta
416 3353 533 3418 Dionysii
549 3355 640 3405 Thrac.
657 3371 714 3420 pag.
731 3356 793 3407 748:

380 3431 383 3436 ¹
588 3443 689 3494 ἀκούετε
704 3445 781 3506 λεώς,
800 3446 946 3511 Σουσαρὶων
964 3443 1028 3511 λέγει
1045 3445 1118 3507 τάδε,

588 3533 640 3591 υἱὸς
658 3535 775 3596 Φιλίνου,
794 3535 940 3600 Μεγαρόθεν
956 3536 1143 3600 Τριποδίσκους·

590 3625 668 3672 κακὸν
681 3628 812 3688 γυναῖκες’
830 3623 887 3673 ἀλλ’
904 3625 984 3689 ὅμως,
1002 3626 1021 3674 ὦ
1038 3625 1156 3691 δημόται,

591 3714 636 3762 οὐκ
652 3713 722 3763 ἔστιν
739 3711 816 3762 οἰκεῖν
833 3713 915 3764 οἰκίαν
932 3715 992 3764 ἄνευ
1008 3717 1094 3764 κακοῦ.

331 3805 373 3864 (ex
383 3801 490 3852 Stobaeo
501 3801 574 3864 adde)
591 3804 697 3866 καὶγὰρ
715 3803 743 3852 rb
761 3804 837 3866 γῆμαι
858 3803 900 3852 καὶ
917 3803 945 3852 τὸ
962 3804 998 3868 μὴ
1014 3807 1094 3868 γῆμαι
1110 3805 1197 3854 κακόν.
1296 3843 1301 3856 .

362 3893 442 3941 Juvat
457 3890 592 3954 appingere
618 3891 693 3939 verba
718 3891 817 3940 Metelli
841 3891 967 3941 Numidici
992 3892 1164 3950 exoratione,
1181 3907 1255 3956 quam
1272 3894 1407 3956 Augustus

331 3979 445 4030 recitavit
468 3995 543 4042 quum
569 3981 600 4028 de
622 3981 767 4029 maritandis
787 3980 915 4030 ordinibus
933 3981 985 4044 egit
1001 3980 1027 4029 in
1044 3989 1147 4030 senatu:
1163 3981 1202 4029 “si
1217 3981 1269 4030 sine
1287 3981 1406 4030 uxoribus

330 4073 474 4132 “possemus
498 4067 608 4129 Quirites
633 4083 701 4128 esse,
724 4083 810 4118 omnes
830 4083 860 4116 ea
876 4069 991 4117 molestia
1008 4083 1161 4125 careremus;
1178 4049 1354 4134 sedquoniam
1371 4070 1407 4120 ita

332 4162 437 4206 “natura
459 4157 573 4216 tradidit,
595 4166 624 4207 nt
642 4173 688 4207 nec
704 4173 761 4206 com
777 4157 827 4206 illis
843 4141 903 4205 caiis
920 4159 1048 4206 commode
1065 4171 1111 4206 neo
1127 4151 1182 4206 a'c‘ae
1199 4157 1248 4206 illis
1264 4157 1315 4206 ullo
1331 4158 1405 4207 modo

332 4246 401 4294 “vivi
418 4246 507 4308 possit,
524 4246 597 4296 saluti
614 4253 746 4310 perpetuae
763 4247 845 4309 potius
856 4260 930 4310 quam
941 4245 1012 4295 brevi
1021 4246 1143 4309 voluptati
1155 4246 1329 4295 consulendum
1342 4245 1406 4295 estss’

334 4334 409 4396 (Geli.
427 4334 453 4391 1,
472 4334 499 4392 6;
516 4334 547 4383 cf.
565 4335 620 4384 Liv.
637 4335 747 4399 npttom.
759 4336 809 4392 te,
826 4335 895 4384 Suet.
914 4334 1001 4386 Octav.
1017 4337 1068 4398 89).

258 4417 261 4422 ’
366 4417 489 4472 Permulti
512 4422 561 4472 loci
585 4424 737 4473 scenicorum
761 4425 791 4471 de
817 4423 960 4473 mulieribus
986 4424 1162 4474 contumeliose
1187 4425 1324 4476 locatorum
1341 4427 1406 4488 apud

333 4511 492 4564 Athenaeum
509 4511 625 4574 leguntur
642 4513 668 4560 in
684 4511 748 4560 libro
766 4512 843 4560 XlIl.
