3284 5338
856 451 916 514 118

345 634 500 726 παρῳδῶν
523 637 665 722 respexit
687 635 736 700 vel
761 635 939 718 respexisse
966 632 1109 710 videtur,
1132 651 1189 714 pro
1206 652 1277 696 mea
1294 630 1422 696 divina-

346 752 434 819 tione
469 750 604 816 collecta
637 754 670 816 et
708 749 741 814 in
779 746 923 812 ordinem
957 747 1104 828 redacta,
1143 747 1217 810 huie
1250 745 1421 830 specimini

346 864 505 931 corollarii
527 864 595 929 vice
619 861 799 948 subjiciam.
823 861 918 927 Nunc
936 867 1064 926 tantum
1084 865 1241 944 superest,
1257 860 1419 944 ntpaueis

346 977 452 1044 verbis
477 976 666 1042 summatim
690 973 959 1060 comprehendam
984 994 1065 1059 quae
1093 973 1132 1038 de
1155 973 1294 1057 singulis
1310 971 1422 1038 crimi-

347 1089 461 1172 nibus,
501 1089 652 1175 Euripidi
686 1086 850 1154 acomieo
876 1086 1030 1172 objectis,
1056 1087 1222 1172 hueusque
1245 1081 1422 1152 arbitratus

348 1225 429 1268 sum.
478 1203 563 1268 Vere
586 1202 822 1287 Aristophanes
843 1199 970 1266 censuit
997 1199 1187 1286 Euripidem
1211 1223 1248 1265 ea
1271 1201 1324 1264 via
1345 1221 1421 1285 pro-

347 1315 458 1381 cedere
490 1325 523 1380 et
556 1337 666 1382 secum
699 1313 824 1380 trahere
845 1313 950 1394 cives,
975 1335 1056 1399 qnae
1080 1313 1212 1379 duceret
1234 1315 1276 1379 ad
1297 1315 1422 1400 patriae

350 1427 536 1504 interitum;
573 1449 676 1513 neque
711 1425 873 1492 immerito
908 1425 1057 1510 culpavit
1093 1425 1271 1509 novitates,
1305 1427 1423 1512 quibus

350 1539 522 1625 Euripides
535 1561 569 1604 se
581 1539 721 1624 tragicae
733 1539 839 1623 poesis
855 1537 1060 1622 splendorem
1074 1561 1191 1624 augere
1202 1540 1421 1617 existimabat3

349 1675 479 1720 summo
500 1674 574 1718 vero
590 1651 664 1738 jure
681 1651 910 1718 condemnavit
925 1650 994 1735 ejus
1012 1651 1045 1714 in
1062 1673 1157 1718 scena
1172 1653 1423 1738 philosophandi

350 1777 383 1832 et
416 1765 532 1834 diffuse
564 1765 800 1832 sermocinandi
831 1766 998 1846 studium,
1024 1788 1044 1830 a
1066 1767 1249 1852 tragoediae
1273 1767 1425 1875 iuyituto

351 1881 446 1965 plane
476 1879 635 1956 alienum;
660 1879 720 1944 hoo
747 1901 812 1944 uno
835 1879 965 1943 nomine
989 1877 1138 1964 iniquus,
1163 1880 1249 1964 quod
1272 1879 1307 1944 in
1332 1902 1424 1960 eum,

351 1993 398 2058 uti
436 2012 574 2076 magnus
597 1989 797 2056 Judaeorum
822 1991 968 2056 sacerdos
993 1990 1026 2054 in
1051 1991 1176 2056 hircum
1202 1992 1423 2072 emissarium,

351 2104 443 2190 quasi
468 2105 569 2168 totius
599 2103 713 2190 populi
736 2104 866 2190 culpam
890 2111 1095 2190 congereret,
1120 2127 1184 2170 nou
1208 2107 1287 2172 satis
1309 2127 1423 2189 nempe

351 2219 535 2284 discernens
558 2217 636 2304 quid
659 2216 811 2301 Euripidi
826 2225 858 2281 et
883 2216 961 2303 quid
982 2217 1149 2284 universae
1173 2219 1420 2284 Atheniensium

350 2331 442 2416 genti
465 2331 591 2416 ipsique
614 2329 750 2415 tempori
770 2337 857 2394 esset
880 2330 1112 2413 imputandum
1126 2337 1145 2394 ¹.

387 2444 490 2523 ,Quod
515 2465 590 2509 vero
614 2464 730 2528 parum
754 2449 840 2507 recte
861 2442 900 2507 de
920 2463 978 2507 sno
996 2465 1074 2507 aevo
1090 2444 1192 2528 deque
1214 2467 1290 2509 suae
1303 2447 1423 2530 patriae

352 2556 537 2624 conditione
569 2555 732 2638 judicavit
764 2555 927 2637 comicus,
964 2563 997 2620 et
1031 2558 1103 2644 παρ’
1126 2556 1237 2623 ἐλπίδα
1259 2561 1305 2624 ἐπ’
1326 2557 1424 2626 ἐλπίδι

352 2672 521 2741 πιστεύων,
547 2673 676 2733 servata
702 2677 830 2734 tenerae
858 2669 973 2734 aetatis
1004 2669 1127 2752 optima
1149 2691 1292 2756 quaeque
1314 2695 1423 2757 exspe-

353 2780 463 2845 ctandi
485 2765 734 2864 consuetudine,
754 2805 792 2846 ea
806 2803 888 2866 quae
902 2781 972 2847 fieri
991 2782 1162 2866 nequirent
1176 2804 1210 2847 se
1225 2793 1425 2867 peracturum

353 2892 507 2976 eredidit,
538 2915 596 2960 nec
631 2893 814 2980 desperavit
842 2893 920 2978 quin
950 2893 1100 2958 remediis
1128 2894 1279 2961 causticis
1303 2903 1427 2964 sanaret

355 3006 445 3072 illam
471 3009 570 3072 νόσον
593 3008 730 3094 ἀρχαίαν
752 3010 785 3074 ἐν
805 3013 844 3093 τῇ
864 3006 955 3072 πόλει
977 3010 1184 3082 ἐντετοκυῖαν,
1209 3016 1242 3072 et
1268 3019 1428 3074 revocaret

355 3127 500 3205 tempora
527 3120 702 3205 Aeschyli,
728 3119 1001 3206 quemadmodum
1029 3120 1062 3186 in
1088 3121 1188 3185 Ranis
1212 3120 1298 3186 hunc
1321 3121 1426 3206 ipsum

353 3233 502 3298 videmus
522 3255 539 3298 e
564 3233 659 3298 domo
684 3233 839 3298 Plutonia
860 3232 963 3300 redire
987 3237 1024 3298 ut
1050 3233 1262 3316 Euripideam
1283 3234 1428 3318 poesiue

355 3347 486 3410 civitate
507 3355 689 3428 removeat,
712 3385 755 3396 —
777 3347 837 3410 hoe
868 3345 1016 3411 lubenter
1036 3346 1066 3410 ei
1090 3337 1327 3424 condonamus3
1351 3347 1428 3432 quin

355 3458 484 3523 felicem
517 3459 742 3543 praedicamus
779 3460 945 3524 hominem
979 3459 1130 3526 Atticum
1151 3461 1192 3524 ob
1220 3466 1286 3528 tam
1311 3460 1428 3526 laetam

356 3572 594 3658 ingenuamque
619 3574 790 3651 fiduciam
807 3573 896 3660 quali
918 3573 975 3659 qui
993 3573 1133 3658 gaudet,
1151 3595 1211 3638 uae
1229 3573 1284 3639 ille
1300 3595 1429 3639 securus

294 3729 296 3736 ·
356 3684 501 3751 ambulet
524 3708 620 3772 snper
644 3689 714 3776 ipso
735 3690 857 3768 montis
882 3665 1040 3772 ignivomi
1062 3688 1213 3756 mutere&

389 3881 486 3929 ¹“lhm
511 3881 586 3930 selbst
610 3883 664 3946 gibt
690 3899 717 3933 ar
739 3883 844 3938 Sehuld,
862 3896 912 3930 was
932 3882 957 3929 in
974 3881 1019 3929 der
1037 3881 1092 3930 Zait
1109 3880 1360 3930 Geistosverwandtes
1378 3895 1429 3927 um-

352 3971 418 4019 liel.''
436 3970 529 4020 Bnruh.
546 3971 580 4020 l.l.
597 3987 654 4036 pag.
671 3973 727 4023 396.

386 4060 418 4108 Κ.
437 4059 467 4108 Ο.
491 4060 595 4118 Miller,
621 4061 665 4112 Gr.
687 4063 738 4111 Lit.
759 4061 841 4123 gesch.
858 4061 898 4116 11,
917 4075 974 4123 pag.
991 4061 1054 4109 249:
1072 4059 1167 4108 “sicher
1185 4059 1227 4108 hat
1252 4057 1432 4120 Aristophanes

263 4211 265 4216 Ι
354 4147 424 4194 darin
442 4147 562 4207 Unreehr,
579 4149 634 4197 dass
652 4165 680 4199 er
696 4150 753 4198 dem
770 4149 902 4211 Euripides
918 4149 990 4196 einen
1001 4146 1353 4210 persdnlieheuVorwurfaus
1364 4150 1431 4195 einer

354 4235 479 4299 Richrung
503 4238 586 4287 maeht
611 4238 704 4289 welche
725 4241 763 4288 dic
785 4253 863 4302 ganza
880 4238 934 4288 Zeit
953 4238 1000 4288 mit
1016 4237 1262 4292 unwiderstehlieher
1280 4237 1377 4285 Gewalt
1394 4251 1430 4284 er-

354 4323 443 4386 griffen
462 4325 554 4373 hatte.''

387 4410 543 4462 2Ρααααίατα
564 4415 733 4464 Bernlrardius
759 4417 791 4467 l.l.
814 4432 870 4480 pag.
892 4417 952 4464 630:
980 4417 1057 4465 “Man
1074 4431 1133 4478 mag
1150 4407 1227 4464 dahe'r
1244 4414 1430 4477 entsehnldigen

285 4561 287 4567 Ι
353 4502 422 4559 ‘'duss
439 4518 465 4552 er
482 4503 536 4550 dun
555 4505 636 4554 Wubn
651 4513 708 4554 tren
725 4505 800 4563 blieb¹
818 4507 854 4554 uls
871 4506 902 4554 ob
920 4506 1008 4556 Athen
1024 4506 1089 4555 bloss
1108 4505 1314 4570 vcriibergehend
1331 4519 1364 4554 au
1381 4505 1429 4554 Sit-
