3258 5328
867 466 908 528 38

353 645 426 712 istis
449 645 577 711 insidiis
601 646 714 712 drama
737 649 871 713 careret!
911 647 974 714 Sed
996 649 1179 714 tuncnihil
1204 649 1335 715 omniuo
1360 655 1426 715 tra-

353 757 419 844 gici
446 757 585 841 inesset,
616 762 649 824 et
675 759 773 844 plane
797 759 1030 825 Menandream
1053 759 1200 826 fabulam
1223 761 1423 830 haberemus.

354 871 471 937 Nonne
495 893 536 937 ex
558 872 618 938 hoc
641 873 791 959 exemplo
805 872 925 959 liquet,
943 879 1065 959 quanto
1075 874 1254 960 elegantior
1268 875 1426 962 ejusmodi

353 984 442 1049 mulo
464 983 593 1051 futurus
617 959 736 1051 fuisset
759 1006 933 1070 germanus
955 989 1078 1071 equus?

399 1212 507 1293 Quum
523 1212 594 1297 jem
617 1211 658 1276 ad
682 1211 840 1297 longioris
864 1211 961 1297 hujus
972 1211 1088 1297 capitis
1100 1211 1200 1278 finem
1212 1215 1425 1297 pervenerim,

354 1326 388 1390 in
420 1346 524 1411 pauca
555 1324 653 1389 verba
687 1323 769 1388 mihi
803 1324 901 1389 liceat
929 1323 1080 1409 colligere
1109 1325 1307 1390 sententiam
1328 1346 1426 1414 quam

355 1439 498 1526 exposui.
547 1437 720 1522 Euripides
742 1437 775 1502 in
803 1437 894 1523 poesi
914 1437 1043 1504 carebat
1063 1437 1219 1504 facultate
1245 1439 1425 1525 genetrice,

355 1553 504 1639 idemque
535 1574 554 1616 a
586 1552 743 1637 religione
775 1552 925 1636 populari
946 1551 1123 1617 recedebat
1173 1550 1281 1631 Quum
1304 1557 1426 1635 autem,

355 1665 598 1751 quibuscunque
621 1666 660 1730 de
683 1663 809 1749 causis,
841 1665 882 1730 ad
905 1665 1160 1752 dramaturgiam
1182 1688 1217 1731 se
1231 1662 1426 1752 applicaret,

355 1779 411 1843 vix
439 1779 555 1865 potuit¹
574 1780 654 1866 quin
685 1779 839 1845 scriberet
868 1780 1069 1866 tragoedias,
1094 1780 1130 1844 in
1154 1779 1271 1866 quibus
1292 1800 1425 1865 compo-

355 1894 471 1959 nendis
493 1892 733 1979 quodammodo
755 1897 902 1959 coactum
925 1915 959 1958 se
971 1892 1055 1958 vidit
1067 1893 1265 1978 utvulgarcs
1278 1892 1425 1959 derebus

355 2008 474 2073 divinis
496 2006 665 2092 opiniones
693 2009 896 2092 sequeretur,
922 2012 1124 2092 repugnante
1148 2005 1274 2090 animo,
1299 2010 1332 2070 et
1351 2027 1426 2092 pro-

355 2121 445 2197 inde,
468 2142 534 2188 non
556 2122 637 2187 citra
662 2111 826 2204 fraudem,
851 2121 1033 2186 venditaret
1056 2141 1115 2205 pro
1136 2121 1220 2186 veris
1243 2142 1324 2206 quae
1342 2120 1426 2185 falsa

355 2257 425 2301 esse
459 2235 571 2313 sciret3
603 2235 637 2300 id
673 2235 761 2321 quod
793 2234 942 2319 operibus
975 2234 1044 2319 ejus
1076 2233 1280 2299 multimodis
1304 2232 1423 2298 nocuit.

356 2349 461 2428 Quare
484 2370 557 2414 cum
582 2347 802 2433 Aristophane
827 2347 985 2432 tragicum
1011 2345 1106 2413 ἄθεον
1128 2349 1271 2434 graviter
1291 2347 1426 2432 culpan-

355 2461 434 2526 dum
457 2483 579 2527 censeo.
903 2467 907 2474 '

353 2671 505 2735 “Euripides
524 2670 616 2734 lrniipst
634 2672 712 2720 daran
734 2670 840 2734 (mytho)
863 2672 911 2720 mit
926 2675 1002 2733 putor
1019 2669 1209 2719 dramatoclaer
1231 2671 1353 2734 iliricuoq
1371 2670 1427 2719 eine

356 2760 452 2811 “Reihe
477 2760 636 2810 wachseuder
653 2759 878 2821 Verwicklungen;
895 2765 977 2807 zuerst
982 2795 1054 2817 .....
1071 2758 1143 2806 duaa
1160 2757 1200 2807 die
1215 2759 1309 2822 grellen
1327 2760 1427 2810 Ucber-

356 2852 456 2914 '‘ginge
472 2864 530 2899 vom
546 2847 786 2900 leidensobeftlichon
803 2849 868 2897 Hass
886 2863 929 2896 nur
945 2850 1052 2912 inniqen
1070 2843 1163 2897 Liebe''
1181 2856 1227 2896 etc.
