3258 5328
756 469 797 530 27

241 653 319 716 Tam
339 650 494 716 iracunda
517 658 650 735 apparet
673 652 781 733 June,
799 659 836 716 ut
861 653 933 736 ipsa
948 656 1077 722 Λύσσα,
1092 651 1124 715 in
1139 651 1312 716 Herculem

242 765 406 847 immissa,
444 765 572 828 horreat
604 763 674 828 dira
708 764 776 849 ejus
804 764 958 829 mandata
986 772 1018 829 et
1043 765 1154 850 regina
1177 764 1257 829 coeli
1281 788 1314 829 se

241 878 404 943 mitiorem
428 876 587 943 ostendat.
630 875 715 956 Quid
742 898 816 942 vero
839 876 989 943 audimus
1014 877 1190 942 Herculem
1203 876 1314 942 dioen-

242 998 329 1074 tem,
367 999 540 1076 postquam
576 1013 593 1054 e
625 989 718 1053 fatali
751 989 857 1054 furore
889 989 930 1053 ad
955 990 1128 1055 sanitatem
1156 1012 1313 1071 reversus,

243 1104 340 1190 longa
353 1104 498 1169 oratione
509 1102 640 1168 deflevit
651 1123 733 1188 quae
745 1101 891 1166 ediderat
902 1100 1031 1166 funera?
1041 1103 1103 1184 (va.
1118 1105 1200 1166 1341
1215 1103 1314 1187 sqq.):

404 1244 464 1327 ἐγὼ
488 1239 519 1307 δὲ
541 1245 615 1316 τοὺς
638 1239 729 1315 θεοὺς
751 1238 820 1305 οὔτε
843 1239 943 1325 λέκτρ’
966 1238 984 1304 δ
1006 1241 1047 1315 μὴ
1071 1237 1155 1320 θέμις

404 1348 543 1432 στέργειν
567 1345 699 1428 νομίζω,
723 1341 819 1427 δεσμά
841 1345 867 1409 τ’
890 1343 1029 1418 ἐξάπτειν
1052 1353 1161 1431 χεροῖν

404 1449 468 1515 οὔτ’
490 1448 610 1526 ἠξίωσα
633 1451 752 1516 πώποτ’
775 1449 845 1516 οὔτε
867 1455 1028 1532 πείσομαι,

404 1551 471 1620 οὐδ’
493 1554 597 1620 ἄλλον
617 1554 721 1620 ἄλλον
744 1552 898 1630 δεσπότην
918 1557 1090 1640 πεφυκέναι·

405 1657 498 1725 δεῖται
519 1662 582 1748 γὰρ
605 1665 622 1726 ὁ
646 1660 735 1736 θεός,
758 1661 840 1747 εἴπερ
861 1660 923 1725 ἔστ’
944 1660 1046 1733 ὄντως
1069 1656 1153 1732 θεός,

339 1852 342 1860 .
405 1761 544 1841 οὐδενός·
569 1761 686 1830 ἀοιδῶν
708 1761 771 1830 οἵδε
794 1763 942 1840 δύστηνοι
964 1764 1070 1848 λόγοι-

243 1891 346 1977 Atqui
390 1889 435 1956 sio
480 1891 570 1977 loqui
604 1915 667 1957 non
703 1899 811 1977 potest
848 1891 1023 1973 Hercules,
1068 1891 1197 1976 saepius
1237 1891 1315 1954 iram

243 2004 385 2069 lunonis
413 2012 565 2089 expertus
599 2017 632 2069 et
668 2027 753 2069 nunc
779 2004 901 2069 recenti
924 2004 1051 2088 piaculo
1075 2026 1132 2089 per
1152 2003 1221 2088 ejus
1244 2005 1316 2067 vin-

244 2117 365 2182 dictam
389 2118 582 2201 obstrictus,
609 2119 663 2184 sed
678 2120 774 2184 verba
787 2123 865 2183 sunt
877 2117 980 2202 ipsius
993 2126 1107 2202 poetae
1120 2116 1316 2202 philosophi,

245 2252 341 2315 quem
361 2232 439 2295 dum
464 2231 497 2294 in
521 2227 649 2306 ἀοιδοὺς
672 2227 846 2305 δυστήνους
864 2228 1028 2294 invehitur
1043 2229 1105 2294 sibi
1118 2228 1182 2314 ipsi
1195 2234 1317 2293 stoma-

245 2343 332 2409 chari
358 2343 477 2408 dixeris
506 2343 593 2429 quod
611 2342 682 2428 jam
704 2365 761 2429 per
781 2353 830 2407 tot
854 2365 964 2407 versus
988 2342 1172 2426 improbum
1197 2363 1317 2405 numen

245 2457 447 2541 depinxerit,
470 2478 543 2522 eum
566 2478 642 2521 vera
665 2455 734 2540 ejus
758 2455 921 2521 sententia
943 2456 1144 2540 exprimatur
1166 2455 1226 2519 hoc
1243 2453 1317 2538 pul-

244 2570 319 2635 chro
342 2571 519 2636 versiculo:

412 2713 433 2774 el
455 2708 519 2775 θεοί
537 2737 564 2773 τι
587 2707 704 2796 δρῶσιν
726 2714 870 2796 αἰσχρόν,
890 2713 946 2776 οὐκ
967 2713 1044 2776 εἰσὶν
1066 2709 1131 2776 θεοί
1142 2711 1163 2766 ¹·

248 2839 310 2906 Sed
343 2837 453 2923 opinio
479 2837 556 2920 illa,
582 2860 678 2924 quam
700 2839 772 2924 quis
795 2847 893 2926 neget
916 2862 1023 2904 veram
1052 2846 1084 2904 et
1107 2839 1204 2924 longe
1227 2860 1318 2923 prae·

246 2952 436 3018 stantiorem
470 2973 540 3016 esse
571 2953 684 3036 mytho
706 2953 848 3018 Junonis
876 2953 1081 3038 implacabile
1103 2951 1214 3017 odium
1237 2952 1319 3016 refe·
1405 2995 1409 3004 ·

245 3071 356 3149 rente,
382 3063 484 3149 ipsius
508 3063 665 3129 dramatis
691 3065 844 3130 materiae
865 3072 898 3130 et
920 3071 1099 3130 structurae
1119 3064 1316 3129 adversatur.

248 3179 283 3245 Si
312 3177 358 3242 dii
393 3199 455 3242 non
495 3184 573 3242 sunt
610 3175 768 3260 adulteri,
797 3177 954 3243 Hercules
979 3200 1019 3243 ex
1043 3177 1136 3241 Jovis
1161 3177 1319 3241 adulterio

246 3313 304 3357 neo
339 3291 429 3357 nasci
462 3289 571 3375 potuit
603 3312 661 3354 neo
696 3289 822 3356 Junoni
856 3312 893 3355 eo
928 3290 1059 3356 nomine
1086 3291 1210 3355 invisus
1231 3311 1317 3372 esse:
1391 3329 1396 3341 -

171 3389 173 3392 ⁵
247 3398 286 3469 en
310 3405 418 3489 ipsum
440 3405 525 3490 perit
539 3410 770 3490 argumentum
785 3405 969 3491 tragoediae
982 3427 1080 3490 quam
1092 3405 1146 3490 agi
1159 3405 1317 3469 videmus.

249 3519 336 3585 Scire
359 3518 477 3602 velim,
503 3519 581 3604 quid
603 3519 682 3584 talia
705 3518 886 3606 audientes
906 3518 969 3584 sibi
993 3519 1179 3604 cogitarint
1194 3526 1319 3603 speeta-

247 3641 353 3714 toreS,
379 3653 459 3717 quos
481 3632 543 3696 nisi
560 3631 766 3707 κολοκύνταις
788 3631 956 3715 λημῶντος
969 3653 1099 3696 neeesse
1110 3632 1175 3697 fuit
1187 3631 1318 3714 sentire,

247 3769 266 3809 a
288 3745 429 3830 bilingui
452 3753 548 3830 poeta
574 3745 636 3810 sihi
661 3745 757 3810 verba
781 3745 860 3809 dari.

263 3953 479 3961 'm
640 3943 668 4009 ἱ

281 4080 287 4110 ¹
323 4079 393 4130 Stob.
414 4081 468 4136 100,
485 4082 501 4128 4
519 4079 618 4141 (fragm.
637 4081 686 4128 300
703 4075 805 4141 wago,
823 4078 1320 4141 294Dine).usselter0ph0nredesun1-

247 4177 286 4217 tus
303 4177 340 4216 est
357 4183 454 4226 versus,
471 4183 544 4231 quem
562 4167 637 4216 etiam
654 4168 804 4217 Plutarchus
821 4180 846 4216 et
863 4168 979 4218 Jusrinus
996 4167 1110 4216 afferunt.

279 4256 373 4307 Confer
389 4258 464 4306 etiam
481 4271 495 4306 e
514 4257 657 4305 Peliadlbus
674 4256 739 4304 hunc
756 4256 838 4305 locum
855 4255 956 4318 (fragm.
974 4257 1024 4306 000
1040 4257 1141 4320 Wagn,
1158 4259 1207 4307 609
1224 4257 1320 4320 Dind.):

440 4347 484 4394 οὐκ
501 4347 553 4394 ἔστι
572 4347 603 4393 τὰ
621 4345 684 4394 θεῶν
701 4344 770 4403 ἄδικ’,
789 4346 815 4394 ἐν
833 4346 988 4408 ἀνθρώποισι
1006 4345 1029 4394 δι’

440 4439 527 4508 κακοῖς
544 4437 670 4484 νοσοῦντα
688 4435 811 4498 σύγχυσιν
829 4435 929 4494 πολλὴν
946 4436 1003 4498 ἔχει.

246 4533 271 4574 et
289 4525 402 4588 Iphigcn.
421 4526 497 4574 Taur.
516 4540 551 4572 vs.
569 4526 616 4574 391
635 4524 659 4571 in
678 4521 836 4573 annotatione
854 4525 935 4587 prima
953 4526 1076 4588 sequentis
1092 4525 1204 4589 paginae.
