3258 5328
828 737 833 774 t

672 929 845 1018 CAPUT
872 928 908 1002 I.

383 1150 427 1194 Da
450 1143 565 1195 CAUSIS
587 1149 659 1194 ODII
682 1149 922 1194 amsrornnrus
946 1148 980 1193 IN
1004 1147 1198 1194 EURIPIDEM.

711 1321 878 1335 vwvvvvvvx

300 1474 375 1538 Non
406 1472 519 1557 facile,
545 1472 573 1538 si
594 1471 741 1558 fingendi
764 1471 950 1536 libertatem
973 1469 1034 1534 tihi
1054 1489 1220 1551 sumeres,
1246 1467 1327 1530 duo-

255 1609 328 1652 rum
359 1586 528 1651 hominum
558 1585 691 1672 ingenia
722 1584 884 1650 delineare
907 1605 1019 1670 posses
1047 1581 1152 1666 magis
1176 1580 1217 1645 ab
1238 1576 1327 1643 omni

256 1704 347 1784 parte
371 1698 433 1763 sibi
456 1699 631 1783 contraria,
659 1722 756 1787 quam
783 1701 904 1766 summi
927 1698 1018 1764 illius
1043 1695 1158 1762 comici
1182 1700 1215 1760 et
1235 1713 1327 1779 prae-

256 1813 335 1878 clari
352 1803 447 1877 illius
488 1812 605 1898 tragici
635 1812 744 1892 fuere3
782 1835 885 1899 neque
909 1807 956 1877 ita
979 1816 1088 1878 tamen
1113 1806 1330 1893 discrepantia
1381 1879 1382 1882 Ἴ

150 1947 154 1958 “
201 1975 203 1980 -
257 1931 295 1991 ut
318 1925 567 2011 comparationis
608 1926 830 1992 instituendae
872 1925 958 1991 desit
999 1925 1104 1990 omnis
1139 1920 1329 2009 opportuni-

258 2045 328 2122 tas,
367 2038 470 2104 veluti
508 2039 536 2104 si
573 2039 784 2105 Aristotelem
827 2037 1026 2104 Anacreonti
1058 2037 1201 2103 conferre
1231 2033 1330 2099 velles

258 2159 317 2218 aut
348 2151 491 2216 Homero
520 2151 789 2218 mathematicum
812 2151 982 2218 Euclidem
994 2178 1002 2229 ;
1036 2151 1093 2216 sed
1120 2145 1331 2236 quemadmo-

259 2266 339 2331 dum
373 2269 463 2329 ortus
498 2270 531 2329 et
567 2285 691 2350 vesper,
730 2264 778 2330 ita
809 2263 993 2330 diametrali
1027 2263 1094 2355 fere
1129 2258 1332 2349 oppositione

260 2379 345 2443 iuter
368 2399 402 2443 se
424 2378 549 2442 distant
572 2377 746 2464 Euripides
762 2384 797 2444 et
809 2378 1055 2464 Aristophanes.
1094 2377 1158 2442 Hic
1169 2373 1334 2462 gaudebat

261 2490 344 2572 vita,
368 2511 466 2575 quam
490 2489 637 2572 hilariter
657 2512 811 2576 peragere
835 2489 996 2575 optImum
1022 2489 1188 2576 censebat3
1212 2509 1333 2575 pronus

261 2603 303 2668 ad
325 2603 445 2684 risum,
470 2624 608 2689 eumque
630 2604 753 2670 salsum
778 2603 908 2690 quidem
931 2604 987 2669 sed
998 2604 1065 2668 late
1081 2601 1222 2668 diductis
1234 2602 1333 2668 labris

263 2739 327 2782 non
359 2715 407 2781 ita
443 2715 636 2796 delicatum;
669 2755 712 2766 -—
743 2718 799 2783 ille
828 2740 847 2783 a
874 2717 1001 2783 laetitia
1030 2716 1176 2800 alienus,
1213 2715 1333 2802 partim

263 2831 397 2912 naturai,
420 2829 541 2914 partim
562 2850 603 2894 ex
625 2829 851 2916 philosophiae
866 2851 963 2916 quam
990 2829 1184 2915 sequebatur
1205 2848 1332 2913 praece·

262 2944 348 3030 ptis,
373 2965 414 3008 ne
437 2943 522 3008 inter
544 2943 661 3028 pocula
682 2944 813 3030 quidem
836 2944 939 3009 ridere
960 2942 1116 3025 sciebat¹,
1131 2962 1195 3006 non
1203 2939 1335 3025 jocandi

297 3115 304 3148 ¹
322 3116 470 3168 Alexander
487 3114 595 3166 Aetolus
612 3115 678 3178 apuu
694 3114 806 3166 cenum
822 3115 876 3165 xv
889 3134 895 3164 ι
906 3116 948 3174 20,
964 3101 992 3164 s:

326 3204 340 3252 ό
357 3203 377 3254 δ’
395 3202 564 3269 Ἀναξαγόρου
581 3203 700 3268 τρόφιμος
717 3205 793 3266 χαιοῦ
811 3205 935 3268 στρυφνὸς
951 3205 998 3268 μὲν
1014 3204 1096 3269 ἔμοιγε
1114 3206 1270 3267 aporema,

328 3293 369 3342 καί
385 3291 537 3358 μισογέλως,
554 3293 596 3341 καὶ
613 3292 733 3348 τωθάζειν
751 3291 806 3342 οὐδὲ
824 3291 883 3356 παρ’
900 3293 972 3342 οἶνον
987 3292 1147 3357 μεμαθηκώς,

329 3381 387 3431 ἀλλ’
404 3381 418 3431 ’ό
436 3400 460 3430 τι
478 3381 573 3447 γράψαι
590 3381 657 3432 τοῦτ’
676 3381 709 3430 ἂν
725 3380 826 3446 μέλιτός
842 3383 886 3431 καὶ
900 3381 1023 3447 σειρήνων
1039 3382 1168 3447 ἐτετεύχει.
1214 3420 1217 3427 .

297 3475 362 3522 Item
384 3473 506 3524 Aelianus
522 3472 599 3530 VIII,
620 3471 650 3521 13
666 3472 751 3529 tradit,
767 3471 945 3538 Ἀναξαγόραν
960 3475 996 3536 μὴ
1013 3472 1129 3538 γελῶντά
1144 3491 1204 3522 ποτε
1223 3471 1337 3535 ὀφθῆναι.

297 3563 339 3612 Ex
363 3561 438 3611 unico
462 3560 570 3625 satyrico
593 3561 705 3610 dramate
729 3560 797 3632 quod
820 3567 928 3610 aetatem
953 3560 1021 3620 tulit,
1042 3559 1164 3624 Cyclope,
1180 3570 1282 3624 apparet
1298 3575 1338 3609 me

261 3653 346 3719 judice
370 3656 444 3714 quam
469 3649 578 3700 alienum
602 3664 618 3698 a
638 3649 696 3698 lusu
712 3649 815 3712 risuque
830 3649 960 3713 ingenium
976 3649 1093 3700 habuerit
1108 3649 1250 3714 Euripides.
1282 3651 1337 3700 Non

266 3755 367 3806 possim
383 3738 441 3803 quin
458 3737 632 3802 frigidissimas
648 3735 761 3788 censeam
778 3737 834 3786 illas
850 3737 952 3786 facetias
968 3738 1066 3801 tragici.
1087 3739 1141 3788 Vix
1156 3737 1262 3800 joeosior
1279 3739 1340 3790 mihi

266 3832 364 3881 videtur
387 3846 463 3894 quam
485 3830 657 3895 ludimagister
682 3843 807 3889 morosus,
832 3831 874 3894 qui
898 3845 943 3894 per
960 3839 1041 3880 totum
1057 3832 1123 3882 diem
1140 3834 1233 3896 agitata
1250 3833 1352 3892 sernia„

267 3931 295 3972 ut
311 3921 424 3970 animum
440 3928 570 3970 resumant
585 3921 701 3983 discipuli
717 3927 863 3978 trementes,
881 3931 965 3970 narrat
981 3921 1012 3970 iis
1029 3922 1120 3986 aliquid
1137 3923 1242 3974 ridiculi.

299 4010 340 4059 Ex
365 4025 430 4060 novo
454 4016 604 4074 argumento
628 4009 762 4060 Alcestidis
783 4009 849 4072 quod
865 4009 978 4072 praebuit
992 4011 1072 4062 codex
1088 4011 1229 4071 vaticanus,
1245 4015 1340 4078 primus

268 4097 349 4148 affecit
373 4097 491 4150 Glumius
512 4098 576 4146 hauc
600 4097 708 4147 fabulam
732 4098 762 4147 ab
779 4098 900 4162 Euripide
916 4113 969 4149 esse
985 4101 1157 4164 compositam,
1174 4115 1236 4165 quae
1253 4104 1341 4154 ultimo
1424 4125 1426 4129 ’

267 4188 321 4237 loco
337 4187 484 4251 tetralogiae
502 4201 547 4250 pro
563 4189 668 4251 satyrico
685 4188 793 4237 daretur.
827 4189 867 4238 De
883 4188 930 4237 hnc
946 4187 1096 4251 conjectura,
1113 4206 1187 4254 quam
1198 4192 1342 4242 Dindorfius

269 4277 340 4325 Poet.
365 4277 438 4328 Secu.
463 4277 524 4340 prol.
550 4277 580 4326 ad
604 4277 666 4326 Eur.
691 4292 748 4340 pag.
773 4279 803 4325 21
823 4291 907 4327 veram
927 4278 1031 4342 judicat,
1048 4293 1093 4328 nee
1109 4295 1159 4329 non
1175 4258 1343 4332 Bernhardins

270 4365 314 4416 Gr.
339 4367 389 4415 Lit.
414 4366 453 4426 11,
470 4367 494 4423 2,
512 4381 568 4430 pag.
588 4369 634 4415 116
652 4376 677 4415 et
693 4367 739 4415 461
761 4380 821 4429 sqq.,
839 4366 958 4442 videndus
971 4375 1007 4416 est
1024 4367 1055 4418 G.
1081 4371 1239 4419 Hermannus
1248 4370 1343 4434 proleg.

269 4455 301 4502 ad
328 4453 430 4519 Cyclop.
457 4469 513 4519 pag.
539 4458 555 4510 7
582 4472 633 4520 sqq.
667 4454 694 4504 Si
721 4470 780 4505 vera
806 4456 897 4506 tradita
922 4464 978 4508 sunt
1002 4457 1029 4506 iu
1053 4457 1095 4507 illo
1112 4459 1343 4522 argumentamur:
1413 4485 1422 4500 ·
