3258 5328
726 447 767 508 35

211 630 265 694 sed
301 634 397 695 natus
429 630 470 694 ad
501 651 581 714 opus
613 629 798 714 Musarum,
830 651 894 694 non
919 629 1033 694 dubito
1056 628 1134 714 quin
1159 650 1279 694 novum

212 741 355 808 scenicae
386 743 492 827 poesis
520 763 623 827 genus
645 742 885 826 excogitaturus
909 742 1042 825 fuisset,
1066 743 1133 807 suis
1157 741 1279 807 viribus

209 854 406 939 respondens
431 876 533 941 neque
555 875 706 941 pugnans
721 875 795 919 cnm
809 855 971 920 sentiendi
984 861 1016 920 et
1028 855 1280 941 philosophandi

209 966 333 1032 ratione
361 989 441 1052 quae
468 967 498 1032 ei
528 974 597 1034 erat
629 968 772 1052 propria:
806 968 932 1054 primus
964 969 1079 1055 opinor
1110 969 1165 1034 ille
1194 969 1277 1034 exti-

210 1079 305 1146 tisset
345 1085 456 1144 auctor
490 1101 591 1146 novae
625 1080 816 1146 comoediae.
865 1081 951 1145 Nam
989 1081 1073 1147 istuc
1115 1103 1173 1147 sua
1204 1103 1278 1147 eum

209 1198 325 1257 natura
354 1191 497 1274 ferebat,
532 1198 565 1258 et
592 1194 716 1260 multae
750 1213 789 1258 ex
819 1193 887 1278 ejus
922 1193 1042 1259 fabulis
1069 1195 1216 1280 proxime
1238 1195 1277 1258 ad

209 1327 279 1369 eam
303 1304 461 1370 accedunt
476 1306 496 1368 ¹.
545 1306 677 1372 Scilicet
699 1305 843 1371 maxima
865 1305 1032 1391 Euripidis
1055 1305 1145 1390 laus,
1161 1313 1200 1372 ut
1209 1307 1283 1391 jam

212 1417 372 1502 indicavi,
407 1423 458 1483 est
492 1419 599 1504 posita
632 1419 666 1483 in
698 1419 872 1506 pingendis
904 1419 1135 1506 movendisque
1156 1419 1280 1485 affecti-

210 1530 270 1595 bus
285 1542 310 1615 Ξ,
334 1536 368 1596 et
391 1529 426 1594 in
450 1536 598 1597 accurate
621 1531 822 1597 delineandis
848 1533 1018 1598 hominum
1032 1533 1189 1618 moribus,
1208 1533 1279 1619 qui-

211 1643 271 1708 bus
300 1643 335 1707 in
366 1645 531 1730 tragoedia
559 1667 625 1711 non
656 1651 767 1710 tantus
791 1652 841 1711 est
863 1647 952 1712 locus
974 1651 1115 1731 quantus
1139 1645 1174 1709 in
1198 1666 1281 1710 nova

211 1756 376 1822 comoedia
390 1766 415 1836 3;
447 1757 481 1822 id
514 1758 600 1844 quod
628 1758 680 1838 hic
695 1765 813 1824 'tamen
836 1759 984 1844 pluribus
1009 1777 1074 1823 non
1096 1779 1280 1843 persequar,

211 1892 285 1934 cum
317 1871 357 1934 ab
379 1879 573 1956 argumento
596 1871 880 1938 commentationis
906 1871 950 1937 sit
972 1871 1137 1936 remotius.
1185 1869 1282 1934 Nunc

212 2003 286 2047 vero
319 1982 492 2068 Euripides
522 2006 640 2050 novam
670 1986 841 2051 materiem
869 1984 975 2070 coegit
996 1984 1032 2048 in
1054 1984 1174 2049 formas
1194 1983 1280 2048 anti·

212 2117 309 2181 quas,
331 2098 465 2164 servatis
489 2098 588 2164 etiam
610 2099 754 2185 antiquis
776 2097 1004 2175 nominibus⁴3
1031 2097 1077 2162 sic
1096 2103 1193 2161 natae
1203 2101 1282 2161 sunt

214 2209 289 2273 illae
310 2211 615 2295 tragicocomoediae
637 2212 689 2277 vel
706 2211 1010 2298 hilarotragoediae‚
1025 2210 1065 2275 de
1081 2209 1199 2296 quibus
1209 2209 1281 2295 qui·

213 2321 287 2386 dem
319 2321 507 2408 Lessingius
538 2325 731 2408 “hybridas,
756 2325 880 2410 inquit,
905 2324 1048 2390 si'lubet
1074 2345 1128 2389 eas
1150 2327 1279 2388 vocate:

214 2455 321 2498 nonne
352 2435 461 2500 mulus
495 2436 680 2519 utilissimis
709 2436 870 2521 jumentis
909 2436 1127 2517 accensendus
1164 2423 1284 2502 est?”³
1345 2425 1351 2433 ’

246 2609 255 2641 ¹
289 2609 407 2671 Quinctil.
423 2609 450 2659 X
468 2628 473 2658 :
494 2613 518 2659 l:
553 2611 631 2659 {Iunc
650 2610 817 2674 [Euripidem]
835 2615 860 2660 et
876 2610 1112 2674 santonicamque
1129 2614 1166 2658 est
1183 2609 1285 2674 (uttpm

210 2701 329 2763 testetur)
347 2705 372 2749 et
388 2705 495 2760 secatae,
511 2715 666 2764 quemquern
681 2702 712 2748 ia
727 2715 801 2764 opera
817 2700 923 2766 diuerso,
941 2699 1092 2748 Menander.

245 2789 373 2840 Philemon
390 2798 472 2840 antem
489 2791 620 2854 aliquando
637 2790 744 2853 scripsit,
760 2791 782 2838 si
799 2790 844 2839 sihi
853 2796 976 2839 constaret
984 2789 1088 2838 mortuis
1096 2801 1149 2840 esse
1158 2789 1283 2852 αἴσθησιν,

216 2883 301 2932 statim
317 2897 345 2932 se
360 2882 451 2931 collum
467 2882 555 2946 laqueo
570 2882 778 2939 inserturum-nr
794 2880 942 2944 Euripidem
959 2880 1066 2930 videret:

339 2971 495 3036 ἀπηγξάμην
512 2972 553 3033 ἅν,
571 2971 628 3021 ὥστ’
646 2971 707 3021 ἰδεῖν
723 2970 867 3036 Εὐριπίδην.
902 2969 1036 3031 (Videatur
1052 2969 1148 3032 primus
1166 2975 1282 3019 cisecnn·

214 3065 259 3112 dus
275 3061 403 3124 Euripidis
419 3060 569 3123 biographus
586 3061 612 3109 in
628 3060 698 3124 fine.)

245 3149 363 3213 Diphilus
379 3148 541 3212 κατάχρυσον
557 3149 660 3198 vocabat
675 3149 827 3212 Euripidem.
862 3147 964 3205 (Athen.
982 3147 1009 3196 X
1025 3161 1081 3210 pag.
1098 3146 1186 3210 emb.)

247 3241 333 3290 Minus
357 3245 424 3289 recte
447 3252 488 3288 me
508 3238 592 3302 judice
616 3240 757 3288 Mommsen
777 3238 861 3301 (Rom.
879 3234 1192 3298 Genn.⁸1,psg.eos):
1226 3236 1284 3283 “das

213 3329 382 3379 “nonattische
408 3328 533 3391 Lustspiel
560 3328 613 3378 that
629 3329 709 3378 niehts
732 3329 769 3376 als
789 3329 837 3376 den
853 3325 984 3389 Euripides
1001 3325 1039 3374 ins
1056 3325 1190 3374 Komische
1207 3325 1284 3373 iiber-

213 3420 343 3485 “stegen''
377 3419 471 3469 Verius
496 3418 590 3467 dixeris
615 3419 760 3483 Euripidem
785 3433 815 3467 ea
839 3431 902 3481 quae
922 3431 1002 3466 novae
1027 3415 1169 3464 comoediae
1185 3414 1284 3478 propria

215 3518 274 3559 sunt
289 3524 376 3572 perum
392 3516 449 3572 epte
466 3507 492 3555 in
508 3508 628 3571 tragicam
645 3521 743 3556 scenam
759 3505 926 3563 transtulisse
942 3505 996 3562 vel,
1013 3505 1034 3554 si
1044 3503 1284 3568 oxymorolibetuti‚

214 3614 263 3648 non
285 3599 449 3648 Menandrum
468 3611 530 3660 quse
548 3597 680 3659 scripserat
697 3595 840 3658 Euripides,
857 3595 902 3643 sed
917 3609 978 3658 quae
995 3594 1131 3643 Menander
1148 3593 1283 3656 scripturus

214 3697 268 3738 erat
284 3688 430 3751 Euripidem
448 3700 501 3735 esse
517 3687 649 3736 imitatum.

246 3776 257 3808 ²
289 3777 389 3838 Quinct.
404 3776 476 3824 ibid:
492 3777 523 3824 in
538 3774 674 3838 affectibus
689 3788 747 3822 cero
764 3787 821 3822 cum
837 3772 952 3821 omnihus
969 3775 1057 3832 mirare,
1074 3777 1130 3821 turn
1146 3773 1176 3820 tu
1192 3772 1226 3820 iis
1239 3773 1284 3834 qut

214 3868 377 3916 miserutione
393 3869 511 3914 cerastaei
519 3864 606 3926 facila
617 3864 782 3927 prorespectu.

246 3955 256 3987 ³
290 3955 396 4006 Ariston.
415 3961 482 4017 poet
508 3955 536 4001 6:
554 3954 587 4003 τὰ
604 3952 740 4018 πράγματα
757 3952 798 3998 καὶ
815 3949 828 3997 ὁ
845 3949 924 4013 μῦθος
941 3948 1013 4006 τέλος
1027 3951 1072 4008 τῆς
1081 3946 1282 4012 τραγῳδίας....

215 4047 274 4095 ἄνευ
290 4047 337 4109 μὲν
354 4044 466 4109 πράξεως
483 4043 528 4092 οὒκ
544 4043 577 4092 ἂν
594 4041 693 4108 γένοιτο
710 4039 850 4104 τραγῳδία,
868 4039 929 4087 ἄνευ
946 4037 971 4087 δὲ
988 4037 1058 4097 ἠθῶν
1075 4035 1164 4102 γένοιτ’
1180 4037 1222 4084 ἄν.

247 4137 256 4166 ⁴
290 4137 320 4184 Id
345 4135 473 4198 eleganter
488 4132 659 4183 Bernhardius
676 4145 734 4193 pag.
751 4131 814 4188 469,
831 4131 861 4177 de
877 4128 1010 4177 Aulidensi
1027 4125 1159 4189 Iphigenia
1174 4125 1284 4190 loquens,

217 4235 289 4275 vocat
313 4225 368 4274 “ein
403 4217 570 4288 hirgeiliehes
596 4219 796 4285 Intriguenstiick
822 4219 868 4268 mit
894 4216 1127 4280 Empfindsamkeit,
1158 4216 1218 4265 aher
1244 4215 1288 4264 auf

216 4317 332 4365 “Kosten
350 4314 419 4363 eines
435 4314 589 4378 glinzenden
606 4311 708 4375 Mythos
723 4310 773 4358 und
789 4310 833 4358 der
848 4307 993 4357 firstlichen
1009 4307 1086 4364 Ehre,
1099 4305 1249 4354 romentisch
1260 4307 1285 4354 in

217 4405 314 4456 “Scene
330 4403 435 4455 setzen.''

252 4494 262 4526 ⁶
300 4495 391 4543 Hamb.
417 4495 530 4544 Dramat.
555 4492 591 4540 n⁰.
616 4491 649 4540 48
673 4490 698 4538 in
715 4489 776 4539 fine:
809 4487 887 4542 ‘sts
903 4485 963 4550 geht
979 4484 1045 4534 mich
1063 4498 1088 4534 es
1105 4499 1137 4532 an
1153 4484 1184 4533 ob
1200 4497 1227 4533 so
1244 4483 1285 4532 ein

1106 4575 1159 4638 3*
