3284 5338
773 453 814 514 89

258 644 360 712 teneri
395 641 563 726 sanctique
591 636 726 720 amoris,
761 636 818 701 sed
850 634 979 700 ardores
998 633 1174 719 juvenum,
1197 635 1280 721 quin·
1300 643 1334 702 et

257 756 468 839 maritorum,
490 753 600 839 potius
618 752 823 816 hetaerarum
836 748 1064 815 consuetudini
1076 749 1330 816 reservabantur.

258 871 375 938 Castus
399 868 502 954 igitur
521 866 606 931 inter
621 885 778 948 sponsum
790 884 1008 948 sponsamque
1019 862 1071 927 vel
1083 863 1169 928 inter
1180 863 1333 950 conjuges

257 1005 347 1049 amor
379 1001 494 1066 parum
531 985 652 1065 aptam,
686 976 887 1042 meretricius
922 997 1015 1061 vero,
1046 975 1157 1041 licitus
1180 976 1244 1042 etsi
1267 999 1333 1042 non
1432 1057 1440 1070 ⁰

257 1093 445 1180 legitimus,
470 1113 586 1178 parum
609 1090 745 1176 dignam
768 1088 944 1174 praebebat
966 1087 1133 1156 materiem
1146 1111 1244 1175 quam
1258 1091 1333 1157 aerii

258 1213 372 1294 poetae
395 1209 555 1272 canerent
572 1203 696 1286 Neque
720 1201 811 1267 salva
826 1201 993 1286 republica
1004 1200 1074 1285 illa,
1091 1223 1174 1288 quae
1191 1210 1334 1270 creverat

258 1341 315 1405 per
337 1317 457 1384 civium
482 1315 579 1380 robur
602 1321 635 1380 et
658 1335 791 1397 nervos,
816 1314 988 1379 videbatur
999 1314 1174 1380 mulierum
1189 1316 1333 1382 conditio

259 1431 493 1516 mutariposse.
517 1428 664 1494 Mascula
676 1433 785 1494 autem
799 1434 832 1492 et
844 1450 954 1494 severa
966 1428 1333 1516 tragoediaAeschylea,
1353 1453 1355 1460 ·

259 1566 357 1630 quam
381 1543 524 1609 comicus
547 1541 642 1606 unice
664 1541 823 1626 probabat
846 1548 880 1607 et
902 1542 1029 1608 civitati
1049 1542 1188 1608 ducebat
1207 1544 1333 1627 utilem,

259 1677 324 1722 non
359 1655 497 1740 majores
532 1652 723 1719 mulieribus
757 1653 916 1719 tribuerat
937 1662 1045 1740 partes
1070 1676 1168 1741 quam
1192 1678 1271 1743 quas
1300 1659 1335 1722 in

259 1771 331 1854 ipsa
352 1767 421 1834 vita
432 1766 582 1852 agebant.
611 1767 677 1831 Σὺν
689 1762 716 1831 δ’
727 1763 764 1830 αὖ
775 1767 811 1829 τὸ
823 1769 918 1852 σιγᾶν
930 1771 979 1831 καὶ
990 1771 1090 1849 μένειν
1102 1767 1174 1835 εἵσω
1186 1766 1293 1853 δόμων
1305 1773 1314 1810 ¹
1326 1795 1333 1830 :

259 1882 337 1948 haec
370 1880 467 1946 verba
501 1877 645 1943 Eteoclis
668 1875 710 1940 ad
733 1876 869 1941 chorum
899 1877 1124 1944 Thebanorum
1147 1881 1333 1969 mulierum,

260 1997 338 2061 dum
363 1993 435 2061 urbi
456 1990 763 2078 appropinquabant
786 1990 897 2056 hostes
921 1991 1185 2078 lamentantium,
1207 1995 1334 2082 egregie

260 2108 449 2194 exprimunt
482 2104 562 2193 quid
597 2104 778 2189 Aeschylus
814 2103 854 2170 de
888 2126 969 2171 sexu
1003 2106 1158 2174 debiliore
1185 2111 1332 2177 senserit.

262 2211 345 2288 Oum
378 2242 416 2285 eo
451 2223 564 2285 autem·
584 2215 723 2283 faciebat
747 2216 1004 2303 Aristophanes,
1029 2219 1171 2286 novitati
1194 2221 1334 2289 infestus

261 2342 294 2400 et
327 2331 531 2398 mollioribus
565 2328 667 2396 animi
702 2329 851 2395 sensibus
887 2351 951 2396 non
986 2331 1034 2397 ita
1058 2333 1208 2420 pervius,
1233 2357 1334 2422 quum

260 2445 451 2533 praesertim
474 2445 604 2510 timeret
625 2464 667 2507 ne
689 2464 746 2528 per
768 2464 878 2508 musas
900 2444 1092 2530 Euripideas
1112 2469 1203 2514 amor
1215 2449 1334 2535 juven-

262 2558 327 2624 tuti
350 2555 547 2622 Atheniensi
562 2555 843 2622 commendaretur
855 2561 1012 2643 tanquam
1025 2581 1074 2624 res
1085 2561 1191 2627 multo
1204 2562 1334 2648 majoris

260 2667 419 2736 momenti
441 2689 539 2754 quam
563 2690 582 2732 a
604 2666 752 2753 patribus
775 2668 906 2735 habitus
930 2676 1024 2736 esset.

306 2783 396 2848 Haec
420 2780 529 2846 omnia
552 2781 582 2846 si
593 2781 676 2847 bene
687 2781 936 2877 perpendimus,
955 2783 1001 2849 ita
1013 2807 1113 2871 prope
1124 2790 1335 2855 statuendum

262 2897 341 2963 erit:
378 2893 618 2961 accusationem
652 2893 693 2958 de
727 2915 791 2977 qua
825 2917 911 2961 nunc
943 2897 1071 2982 agimus
1101 2902 1208 2986 prima
1229 2902 1336 2968 fronte
1432 2883 1436 2892 ’

261 3009 358 3096 plane
394 3006 512 3072 falsam
547 3005 668 3088 videri,
702 3027 761 3072 nec
785 3027 894 3072 revera
916 3008 957 3073 ab
981 3010 1071 3074 omni
1093 3020 1185 3096 parte
1207 3016 1336 3099 probari

262 3143 376 3207 posse3
401 3119 458 3185 sed
481 3125 591 3184 tamen
603 3166 612 3200 ‚
636 3119 733 3184 modo
757 3120 1051 3205 recteexplioetur,
1065 3124 1336 3193 multumhabere
1408 3141 1413 3152 '

262 3256 325 3322 quo
360 3255 394 3298 se
428 3239 578 3316 tueatur,
615 3238 666 3315 et,
703 3231 731 3297 si
762 3239 801 3298 ut
822 3255 881 3320 per
908 3241 959 3300 est
976 3233 1142 3319 judicetur
1164 3261 1204 3304 ex
1227 3247 1336 3306 mente

263 3347 506 3433 Aristophanis,
544 3345 629 3411 nihil
652 3354 737 3412 certe
760 3346 866 3413 inesse
893 3349 1082 3418 calumniae.
1110 3352 1204 3433 Quod
1226 3362 1337 3421 autem

262 3462 382 3528 attinet
405 3461 447 3526 ad
470 3459 560 3526 istud
583 3459 758 3525 mulierum
781 3461 893 3527 odium
916 3464 1002 3530 unde
1025 3471 1075 3532 tot
1090 3467 1175 3534 risus
1182 3469 1337 3556 jocosque

263 3577 357 3644 duxit
391 3574 648 3661 Aristophanes,
671 3573 706 3638 id
730 3575 861 3659 quidem
878 3576 949 3663 jam
971 3581 1213 3668 perspeximus,
1239 3584 1336 3650 Euri-

262 3689 382 3775 pidem,
419 3689 446 3754 si
478 3688 589 3753 oderat
613 3687 782 3771 mulieres,
808 3690 925 3756 saltem
948 3714 1001 3758 eas
1026 3716 1091 3760 non
1114 3699 1333 3765 contemsisse.

263 3803 309 3868 At
342 3801 450 3887 ipsum
485 3800 568 3865 illud
593 3799 705 3865 odium
733 3822 798 3866 non
822 3803 998 3871 admodum
1021 3811 1129 3893 potuit
1152 3834 1222 3878 esse
1245 3836 1335 3898 aere,

263 3921 348 3981 certe
371 3935 436 3978 non
459 3913 626 3999 pertineri,
651 3934 751 3997 quum
777 3919 826 3978 tot
844 3915 993 3984 heroines
1017 3920 1225 3992 celebraverit
1248 3928 1338 3993 omni

264 4028 359 4093 laude
393 4026 519 4113 dignas.
558 4026 714 4092 Notabile
745 4029 827 4093 mihi
851 4029 994 4116 videtur,
1020 4057 1095 4100 eum
1118 4038 1152 4104 in
1175 4041 1337 4125 prioribus

264 4139 383 4206 fabulis
407 4140 552 4225 (Medea,
579 4129 777 4227 Hippolyto)
801 4142 905 4209 multo
928 4144 1151 4218 vehementius
1171 4153 1282 4224 invehi
1301 4159 1336 4224 in

265 4255 416 4320 mulieres
440 4272 538 4338 quam
562 4251 597 4316 in
620 4251 660 4317 iis
681 4273 760 4338 quas
776 4255 1006 4325 maturioribus
1022 4264 1117 4330 annis
1136 4273 1336 4356 composuit3

300 4504 306 4536 ¹
325 4504 419 4553 Aeseh.
436 4505 505 4566 Sept.
523 4518 543 4551 c.
562 4503 643 4554 Theb.
662 4520 697 4553 vs.
715 4506 771 4555 232.
