<?xml version="1.0" encoding="UTF-8"?>
<!DOCTYPE html PUBLIC "-//W3C//DTD XHTML 1.0 Transitional//EN"
    "http://www.w3.org/TR/xhtml1/DTD/xhtml1-transitional.dtd">
<html xmlns="http://www.w3.org/1999/xhtml" xml:lang="en" lang="en">
 <head>
  <title>
</title>
<meta http-equiv="Content-Type" content="text/html;charset=utf-8" />
  <meta name='ocr-system' content='tesseract 3.04.00' />
  <meta name='ocr-capabilities' content='ocr_page ocr_carea ocr_par ocr_line ocrx_word'/>
</head>
<body>
  <div class='ocr_page' id='page_1' title='image "./specimenliterar00leeugoog_0124.png"; bbox 0 0 3284 5338; ppageno 0'>
   <div class='ocr_carea' id='block_1_1' title="bbox 792 439 850 500">
    <p class='ocr_par' dir='ltr' id='par_1_1' title="bbox 792 439 850 500">
     <span class='ocr_line' id='line_1_1' title="bbox 792 439 850 500; baseline 0 0"><span class='ocrx_word' id='word_1_1' title='bbox 792 439 850 500; x_wconf 92' lang='grc'><strong>111</strong></span> 
     </span>
    </p>
   </div>
   <div class='ocr_carea' id='block_1_2' title="bbox 286 622 1362 1730">
    <p class='ocr_par' dir='ltr' id='par_1_2' title="bbox 286 622 1361 1389">
     <span class='ocr_line' id='line_1_2' title="bbox 286 622 1359 709; baseline -0.002 -18"><span class='ocrx_word' id='word_1_2' title='bbox 286 631 323 691; x_wconf 88' lang='grc'><strong>61</strong></span> <span class='ocrx_word' id='word_1_3' title='bbox 349 624 453 690; x_wconf 80' lang='lat' dir='ltr'><strong>verbis</strong></span> <span class='ocrx_word' id='word_1_4' title='bbox 477 623 633 688; x_wconf 81' lang='lat' dir='ltr'>adderent</span> <span class='ocrx_word' id='word_1_5' title='bbox 655 622 782 707; x_wconf 88' lang='lat' dir='ltr'><strong>pondus</strong></span> <span class='ocrx_word' id='word_1_6' title='bbox 805 623 825 700; x_wconf 84' lang='lat'><strong>¹3</strong></span> <span class='ocrx_word' id='word_1_7' title='bbox 850 644 951 708; x_wconf 92' lang='lat' dir='ltr'><strong>quum</strong></span> <span class='ocrx_word' id='word_1_8' title='bbox 968 625 1125 690; x_wconf 84' lang='lat' dir='ltr'><strong>recentior</strong></span> <span class='ocrx_word' id='word_1_9' title='bbox 1137 646 1208 709; x_wconf 83' lang='lat' dir='ltr'><strong>ars,</strong></span> <span class='ocrx_word' id='word_1_10' title='bbox 1228 625 1359 690; x_wconf 86' lang='lat' dir='ltr'><strong>auribus</strong></span> 
     </span>
     <span class='ocr_line' id='line_1_3' title="bbox 286 734 1361 824; baseline -0.001 -18"><span class='ocrx_word' id='word_1_11' title='bbox 286 735 467 805; x_wconf 82' lang='lat' dir='ltr'>mulcendis</span> <span class='ocrx_word' id='word_1_12' title='bbox 490 736 632 801; x_wconf 88' lang='lat' dir='ltr'><strong>maxime</strong></span> <span class='ocrx_word' id='word_1_13' title='bbox 652 735 793 818; x_wconf 87' lang='lat' dir='ltr'><strong>intenta,</strong></span> <span class='ocrx_word' id='word_1_14' title='bbox 818 734 946 801; x_wconf 87' lang='lat' dir='ltr'><strong>inverso</strong></span> <span class='ocrx_word' id='word_1_15' title='bbox 969 736 1100 821; x_wconf 84' lang='lat' dir='ltr'>ordine,</span> <span class='ocrx_word' id='word_1_16' title='bbox 1125 737 1222 803; x_wconf 87' lang='lat' dir='ltr'><strong>verba</strong></span> <span class='ocrx_word' id='word_1_17' title='bbox 1233 745 1361 824; x_wconf 84' lang='lat' dir='ltr'><strong>cogeret</strong></span> 
     </span>
     <span class='ocr_line' id='line_1_4' title="bbox 287 849 1359 936; baseline 0.002 -19"><span class='ocrx_word' id='word_1_18' title='bbox 287 851 376 934; x_wconf 88' lang='lat' dir='ltr'><strong>sonis</strong></span> <span class='ocrx_word' id='word_1_19' title='bbox 414 850 583 934; x_wconf 85' lang='lat' dir='ltr'><strong>famulari,</strong></span> <span class='ocrx_word' id='word_1_20' title='bbox 626 854 660 914; x_wconf 92' lang='lat' dir='ltr'><strong>et</strong></span> <span class='ocrx_word' id='word_1_21' title='bbox 694 849 970 915; x_wconf 80' lang='lat' dir='ltr'><strong>modulationibus</strong></span> <span class='ocrx_word' id='word_1_22' title='bbox 1009 852 1155 936; x_wconf 83' lang='lat' dir='ltr'><strong>gaudens</strong></span> <span class='ocrx_word' id='word_1_23' title='bbox 1190 853 1359 935; x_wconf 84' lang='lat' dir='ltr'><strong>dulcibus,</strong></span> 
     </span>
     <span class='ocr_line' id='line_1_5' title="bbox 287 961 1360 1050; baseline 0.002 -20"><span class='ocrx_word' id='word_1_24' title='bbox 287 965 450 1048; x_wconf 80' lang='lat' dir='ltr'><strong>incitatis,</strong></span> <span class='ocrx_word' id='word_1_25' title='bbox 465 963 600 1030; x_wconf 85' lang='lat' dir='ltr'><strong>affectus</strong></span> <span class='ocrx_word' id='word_1_26' title='bbox 611 961 736 1048; x_wconf 87' lang='lat' dir='ltr'><strong>plenis,</strong></span> <span class='ocrx_word' id='word_1_27' title='bbox 753 968 923 1047; x_wconf 84' lang='lat' dir='ltr'><strong>poetarum</strong></span> <span class='ocrx_word' id='word_1_28' title='bbox 935 962 1024 1030; x_wconf 86' lang='lat' dir='ltr'><strong>dieta</strong></span> <span class='ocrx_word' id='word_1_29' title='bbox 1036 963 1078 1030; x_wconf 90' lang='lat' dir='ltr'><strong>iis</strong></span> <span class='ocrx_word' id='word_1_30' title='bbox 1093 966 1360 1050; x_wconf 77' lang='lat' dir='ltr'><strong>accommodaret,</strong></span> 
     </span>
     <span class='ocr_line' id='line_1_6' title="bbox 286 1075 1359 1164; baseline 0 -22"><span class='ocrx_word' id='word_1_31' title='bbox 286 1079 335 1144; x_wconf 92' lang='lat' dir='ltr'><strong>ita</strong></span> <span class='ocrx_word' id='word_1_32' title='bbox 357 1085 394 1144; x_wconf 87' lang='lat' dir='ltr'><strong>ut</strong></span> <span class='ocrx_word' id='word_1_33' title='bbox 418 1098 513 1162; x_wconf 86' lang='lat' dir='ltr'><strong>saepe</strong></span> <span class='ocrx_word' id='word_1_34' title='bbox 535 1076 570 1140; x_wconf 93' lang='lat' dir='ltr'><strong>in</strong></span> <span class='ocrx_word' id='word_1_35' title='bbox 593 1097 659 1140; x_wconf 90' lang='lat' dir='ltr'><strong>una</strong></span> <span class='ocrx_word' id='word_1_36' title='bbox 682 1075 807 1158; x_wconf 83' lang='lat' dir='ltr'><strong>syllaba</strong></span> <span class='ocrx_word' id='word_1_37' title='bbox 822 1076 1139 1162; x_wconf 83' lang='lat' dir='ltr'><strong>conglomerarantur</strong></span> <span class='ocrx_word' id='word_1_38' title='bbox 1152 1078 1262 1163; x_wconf 92' lang='lat' dir='ltr'><strong>plures</strong></span> <span class='ocrx_word' id='word_1_39' title='bbox 1276 1079 1359 1164; x_wconf 84' lang='lat' dir='ltr'><strong>soni,</strong></span> 
     </span>
     <span class='ocr_line' id='line_1_7' title="bbox 287 1184 1361 1274; baseline 0 -17"><span class='ocrx_word' id='word_1_40' title='bbox 287 1197 345 1257; x_wconf 86' lang='lat' dir='ltr'><strong>aut</strong></span> <span class='ocrx_word' id='word_1_41' title='bbox 377 1190 478 1256; x_wconf 86' lang='lat' dir='ltr'><strong>etiam</strong></span> <span class='ocrx_word' id='word_1_42' title='bbox 511 1187 607 1254; x_wconf 91' lang='lat' dir='ltr'><strong>verba</strong></span> <span class='ocrx_word' id='word_1_43' title='bbox 638 1185 910 1272; x_wconf 71' lang='lat' dir='ltr'><strong>duplicarentur²</strong></span> <span class='ocrx_word' id='word_1_44' title='bbox 931 1184 995 1274; x_wconf 85' lang='lat' dir='ltr'><strong>qno</strong></span> <span class='ocrx_word' id='word_1_45' title='bbox 1018 1190 1187 1256; x_wconf 84' lang='lat' dir='ltr'><strong>rotundior</strong></span> <span class='ocrx_word' id='word_1_46' title='bbox 1210 1192 1361 1258; x_wconf 87' lang='lat' dir='ltr'><strong>evaderet</strong></span> 
     </span>
     <span class='ocr_line' id='line_1_8' title="bbox 287 1301 595 1389; baseline -0.019 -20"><span class='ocrx_word' id='word_1_47' title='bbox 287 1303 438 1389; x_wconf 82' lang='lat' dir='ltr'><strong>periodus</strong></span> <span class='ocrx_word' id='word_1_48' title='bbox 461 1301 595 1367; x_wconf 91' lang='lat' dir='ltr'><strong>musioa.</strong></span> 
     </span>
    </p>

    <p class='ocr_par' dir='ltr' id='par_1_3' title="bbox 288 1413 1362 1730">
     <span class='ocr_line' id='line_1_9' title="bbox 333 1413 1362 1501; baseline 0.001 -19"><span class='ocrx_word' id='word_1_49' title='bbox 333 1415 503 1482; x_wconf 89' lang='lat' dir='ltr'><strong>Monodiae</strong></span> <span class='ocrx_word' id='word_1_50' title='bbox 538 1434 684 1498; x_wconf 83' lang='lat' dir='ltr'><strong>quoque,</strong></span> <span class='ocrx_word' id='word_1_51' title='bbox 709 1433 789 1496; x_wconf 91' lang='lat' dir='ltr'><strong>quas</strong></span> <span class='ocrx_word' id='word_1_52' title='bbox 813 1413 987 1498; x_wconf 80' lang='lat' dir='ltr'><strong>Euripides</strong></span> <span class='ocrx_word' id='word_1_53' title='bbox 1012 1414 1148 1501; x_wconf 83' lang='lat' dir='ltr'><strong>(magno</strong></span> <span class='ocrx_word' id='word_1_54' title='bbox 1172 1421 1209 1481; x_wconf 87' lang='lat' dir='ltr'><strong>ut</strong></span> <span class='ocrx_word' id='word_1_55' title='bbox 1233 1417 1362 1483; x_wconf 88' lang='lat' dir='ltr'><strong>videtur</strong></span> 
     </span>
     <span class='ocr_line' id='line_1_10' title="bbox 289 1526 1362 1613; baseline 0 -18"><span class='ocrx_word' id='word_1_56' title='bbox 289 1528 405 1596; x_wconf 87' lang='lat' dir='ltr'><strong>talium</strong></span> <span class='ocrx_word' id='word_1_57' title='bbox 438 1527 619 1592; x_wconf 87' lang='lat' dir='ltr'><strong>carminum</strong></span> <span class='ocrx_word' id='word_1_58' title='bbox 660 1526 777 1592; x_wconf 87' lang='lat' dir='ltr'><strong>duetus</strong></span> <span class='ocrx_word' id='word_1_59' title='bbox 811 1533 934 1613; x_wconf 88' lang='lat' dir='ltr'><strong>amore)</strong></span> <span class='ocrx_word' id='word_1_60' title='bbox 969 1527 1090 1594; x_wconf 87' lang='lat' dir='ltr'><strong>fabulis</strong></span> <span class='ocrx_word' id='word_1_61' title='bbox 1125 1529 1263 1596; x_wconf 88' lang='lat' dir='ltr'><strong>inseruit</strong></span> <span class='ocrx_word' id='word_1_62' title='bbox 1297 1552 1362 1596; x_wconf 92' lang='lat' dir='ltr'><strong>non</strong></span> 
     </span>
     <span class='ocr_line' id='line_1_11' title="bbox 288 1637 1359 1730; baseline 0 -22"><span class='ocrx_word' id='word_1_63' title='bbox 288 1662 427 1726; x_wconf 86' lang='lat' dir='ltr'><strong>paucas,</strong></span> <span class='ocrx_word' id='word_1_64' title='bbox 466 1639 608 1705; x_wconf 80' lang='lat' dir='ltr'><strong>cominus</strong></span> <span class='ocrx_word' id='word_1_65' title='bbox 642 1639 676 1702; x_wconf 92' lang='lat' dir='ltr'><strong>in</strong></span> <span class='ocrx_word' id='word_1_66' title='bbox 707 1637 818 1722; x_wconf 83' lang='lat' dir='ltr'><strong>jocum</strong></span> <span class='ocrx_word' id='word_1_67' title='bbox 851 1639 958 1706; x_wconf 88' lang='lat' dir='ltr'><strong>vertit.</strong></span> <span class='ocrx_word' id='word_1_68' title='bbox 996 1642 1078 1707; x_wconf 86' lang='lat' dir='ltr'><strong>Rau.</strong></span> <span class='ocrx_word' id='word_1_69' title='bbox 1114 1665 1162 1708; x_wconf 86' lang='lat' dir='ltr'><strong>ve.</strong></span> <span class='ocrx_word' id='word_1_70' title='bbox 1199 1645 1263 1712; x_wconf 82' lang='lat'><strong>939</strong></span> <span class='ocrx_word' id='word_1_71' title='bbox 1291 1665 1359 1730; x_wconf 87' lang='lat' dir='ltr'><strong>sqq.</strong></span> 
     </span>
    </p>
   </div>
   <div class='ocr_carea' id='block_1_3' title="bbox 247 1897 1365 4545">
    <p class='ocr_par' dir='ltr' id='par_1_4' title="bbox 289 1897 1363 2142">
     <span class='ocr_line' id='line_1_12' title="bbox 323 1897 1363 1968; baseline 0.007 -22"><span class='ocrx_word' id='word_1_72' title='bbox 323 1897 330 1929; x_wconf 91' lang='lat'>¹</span> <span class='ocrx_word' id='word_1_73' title='bbox 348 1899 421 1960; x_wconf 80' lang='lat' dir='ltr'><strong>Quod</strong></span> <span class='ocrx_word' id='word_1_74' title='bbox 438 1899 511 1949; x_wconf 83' lang='lat' dir='ltr'><strong>Plato</strong></span> <span class='ocrx_word' id='word_1_75' title='bbox 528 1899 590 1962; x_wconf 81' lang='lat' dir='ltr'><strong>Rep.</strong></span> <span class='ocrx_word' id='word_1_76' title='bbox 608 1899 659 1955; x_wconf 90' lang='grc' dir='ltr'><strong>ΙΙΙ,</strong></span> <span class='ocrx_word' id='word_1_77' title='bbox 675 1913 733 1962; x_wconf 82' lang='lat' dir='ltr'><strong>pag.</strong></span> <span class='ocrx_word' id='word_1_78' title='bbox 750 1900 800 1948; x_wconf 79' lang='lat'><strong>400</strong></span> <span class='ocrx_word' id='word_1_79' title='bbox 816 1899 843 1948; x_wconf 86' lang='lat' dir='ltr'>A</span> <span class='ocrx_word' id='word_1_80' title='bbox 860 1907 933 1948; x_wconf 79' lang='lat' dir='ltr'><strong>vocat</strong></span> <span class='ocrx_word' id='word_1_81' title='bbox 949 1903 996 1950; x_wconf 84' lang='grc' dir='ltr'><strong>τὸν</strong></span> <span class='ocrx_word' id='word_1_82' title='bbox 1012 1901 1079 1951; x_wconf 76' lang='grc' dir='ltr'>πόδα</span> <span class='ocrx_word' id='word_1_83' title='bbox 1089 1903 1203 1968; x_wconf 75' lang='grc' dir='ltr'>τῷλόγῳ</span> <span class='ocrx_word' id='word_1_84' title='bbox 1212 1904 1363 1968; x_wconf 73' lang='grc' dir='ltr'>ἀναγκάζειν</span> 
     </span>
     <span class='ocr_line' id='line_1_13' title="bbox 290 1988 1363 2056; baseline 0.005 -18"><span class='ocrx_word' id='word_1_85' title='bbox 290 1989 391 2039; x_wconf 76' lang='grc' dir='ltr'>’ἕπεσθαι</span> <span class='ocrx_word' id='word_1_86' title='bbox 408 1991 449 2038; x_wconf 76' lang='lat' dir='ltr'><strong>rei</strong></span> <span class='ocrx_word' id='word_1_87' title='bbox 466 1990 495 2039; x_wconf 83' lang='grc' dir='ltr'><strong>τὸ</strong></span> <span class='ocrx_word' id='word_1_88' title='bbox 511 1988 601 2053; x_wconf 76' lang='grc' dir='ltr'><strong>μέλος,</strong></span> <span class='ocrx_word' id='word_1_89' title='bbox 619 1989 688 2038; x_wconf 82' lang='grc' dir='ltr'>ἀλλὰ</span> <span class='ocrx_word' id='word_1_90' title='bbox 705 1990 741 2053; x_wconf 73' lang='grc' dir='ltr'><strong>μὴ</strong></span> <span class='ocrx_word' id='word_1_91' title='bbox 758 1989 838 2053; x_wconf 83' lang='grc' dir='ltr'>λόγον</span> <span class='ocrx_word' id='word_1_92' title='bbox 855 1988 915 2038; x_wconf 78' lang='grc' dir='ltr'>ποδί</span> <span class='ocrx_word' id='word_1_93' title='bbox 932 2007 957 2040; x_wconf 82' lang='grc' dir='ltr'>τι</span> <span class='ocrx_word' id='word_1_94' title='bbox 974 1992 1017 2040; x_wconf 77' lang='grc' dir='ltr'><strong>καὶ</strong></span> <span class='ocrx_word' id='word_1_95' title='bbox 1032 1990 1110 2056; x_wconf 81' lang='grc' dir='ltr'>μέλει,</span> <span class='ocrx_word' id='word_1_96' title='bbox 1121 1992 1363 2044; x_wconf 74' lang='lat' dir='ltr'><strong>benetentummodo</strong></span> 
     </span>
     <span class='ocr_line' id='line_1_14' title="bbox 289 2076 1362 2142; baseline 0.005 -16"><span class='ocrx_word' id='word_1_97' title='bbox 289 2079 408 2128; x_wconf 85' lang='lat' dir='ltr'><strong>musioam</strong></span> <span class='ocrx_word' id='word_1_98' title='bbox 428 2085 508 2128; x_wconf 81' lang='lat' dir='ltr'><strong>artam</strong></span> <span class='ocrx_word' id='word_1_99' title='bbox 524 2084 614 2142; x_wconf 84' lang='lat' dir='ltr'><strong>putans</strong></span> <span class='ocrx_word' id='word_1_100' title='bbox 631 2077 691 2127; x_wconf 83' lang='lat' dir='ltr'><strong>ferri</strong></span> <span class='ocrx_word' id='word_1_101' title='bbox 707 2091 779 2142; x_wconf 88' lang='lat' dir='ltr'><strong>posse</strong></span> <span class='ocrx_word' id='word_1_102' title='bbox 796 2076 822 2127; x_wconf 90' lang='lat' dir='ltr'><strong>iu</strong></span> <span class='ocrx_word' id='word_1_103' title='bbox 839 2077 901 2128; x_wconf 85' lang='lat' dir='ltr'><strong>urbe</strong></span> <span class='ocrx_word' id='word_1_104' title='bbox 917 2077 957 2127; x_wconf 89' lang='grc'><strong>661</strong></span> <span class='ocrx_word' id='word_1_105' title='bbox 973 2077 1050 2128; x_wconf 83' lang='lat' dir='ltr'><strong>fortes</strong></span> <span class='ocrx_word' id='word_1_106' title='bbox 1067 2079 1133 2129; x_wconf 85' lang='lat' dir='ltr'><strong>alara</strong></span> <span class='ocrx_word' id='word_1_107' title='bbox 1149 2080 1216 2131; x_wconf 83' lang='lat' dir='ltr'><strong>cives</strong></span> <span class='ocrx_word' id='word_1_108' title='bbox 1233 2097 1305 2134; x_wconf 86' lang='lat' dir='ltr'><strong>curae</strong></span> <span class='ocrx_word' id='word_1_109' title='bbox 1322 2083 1362 2132; x_wconf 84' lang='lat' dir='ltr'><strong>sit</strong></span> 
     </span>
    </p>

    <p class='ocr_par' dir='ltr' id='par_1_5' title="bbox 290 2166 1365 2590">
     <span class='ocr_line' id='line_1_15' title="bbox 323 2166 1363 2236; baseline 0.005 -20"><span class='ocrx_word' id='word_1_110' title='bbox 323 2166 381 2216; x_wconf 77' lang='lat'>²111</span> <span class='ocrx_word' id='word_1_111' title='bbox 398 2169 500 2232; x_wconf 86' lang='lat' dir='ltr'><strong>parodia</strong></span> <span class='ocrx_word' id='word_1_112' title='bbox 516 2169 547 2216; x_wconf 86' lang='lat' dir='ltr'><strong>de</strong></span> <span class='ocrx_word' id='word_1_113' title='bbox 562 2183 611 2232; x_wconf 89' lang='lat' dir='ltr'><strong>qua</strong></span> <span class='ocrx_word' id='word_1_114' title='bbox 626 2182 686 2216; x_wconf 86' lang='lat' dir='ltr'><strong>mox</strong></span> <span class='ocrx_word' id='word_1_115' title='bbox 704 2167 842 2216; x_wconf 85' lang='lat' dir='ltr'><strong>videbimus</strong></span> <span class='ocrx_word' id='word_1_116' title='bbox 859 2167 1031 2217; x_wconf 85' lang='lat' dir='ltr'><strong>monodiarum</strong></span> <span class='ocrx_word' id='word_1_117' title='bbox 1050 2169 1245 2233; x_wconf 78' lang='lat' dir='ltr'><strong>Euripidearum</strong></span> <span class='ocrx_word' id='word_1_118' title='bbox 1267 2173 1363 2236; x_wconf 84' lang='lat' dir='ltr'><strong>saepius</strong></span> 
     </span>
     <span class='ocr_line' id='line_1_16' title="bbox 290 2257 1363 2326; baseline 0.005 -20"><span class='ocrx_word' id='word_1_119' title='bbox 290 2259 444 2320; x_wconf 84' lang='lat' dir='ltr'><strong>duplicantur</strong></span> <span class='ocrx_word' id='word_1_120' title='bbox 462 2257 545 2316; x_wconf 88' lang='lat' dir='ltr'><strong>verba,</strong></span> <span class='ocrx_word' id='word_1_121' title='bbox 563 2257 681 2307; x_wconf 72' lang='grc'><strong>116666.</strong></span> <span class='ocrx_word' id='word_1_122' title='bbox 701 2257 772 2314; x_wconf 89' lang='grc'><strong>1337,</strong></span> <span class='ocrx_word' id='word_1_123' title='bbox 792 2258 863 2316; x_wconf 79' lang='grc'><strong>1352,</strong></span> <span class='ocrx_word' id='word_1_124' title='bbox 883 2258 953 2313; x_wconf 86' lang='grc'><strong>1353,</strong></span> <span class='ocrx_word' id='word_1_125' title='bbox 974 2259 1043 2317; x_wconf 84' lang='grc'><strong>1354,</strong></span> <span class='ocrx_word' id='word_1_126' title='bbox 1064 2261 1134 2309; x_wconf 84' lang='grc'><strong>1355.</strong></span> <span class='ocrx_word' id='word_1_127' title='bbox 1150 2261 1282 2325; x_wconf 85' lang='lat' dir='ltr'><strong>Nusquam</strong></span> <span class='ocrx_word' id='word_1_128' title='bbox 1298 2264 1363 2326; x_wconf 89' lang='lat' dir='ltr'><strong>apud</strong></span> 
     </span>
     <span class='ocr_line' id='line_1_17' title="bbox 291 2347 1365 2413; baseline 0.005 -18"><span class='ocrx_word' id='word_1_129' title='bbox 291 2347 437 2410; x_wconf 80' lang='lat' dir='ltr'><strong>Euripidem</strong></span> <span class='ocrx_word' id='word_1_130' title='bbox 461 2355 511 2396; x_wconf 84' lang='lat' dir='ltr'><strong>tarn</strong></span> <span class='ocrx_word' id='word_1_131' title='bbox 535 2347 635 2396; x_wconf 81' lang='lat' dir='ltr'><strong>crebrae</strong></span> <span class='ocrx_word' id='word_1_132' title='bbox 659 2361 747 2396; x_wconf 83' lang='lat' dir='ltr'><strong>vocum</strong></span> <span class='ocrx_word' id='word_1_133' title='bbox 771 2347 952 2410; x_wconf 80' lang='lat' dir='ltr'><strong>geminationes</strong></span> <span class='ocrx_word' id='word_1_134' title='bbox 973 2357 1105 2398; x_wconf 84' lang='lat' dir='ltr'><strong>occurrunt</strong></span> <span class='ocrx_word' id='word_1_135' title='bbox 1125 2365 1200 2413; x_wconf 83' lang='lat' dir='ltr'><strong>quarn</strong></span> <span class='ocrx_word' id='word_1_136' title='bbox 1221 2352 1247 2399; x_wconf 93' lang='lat' dir='ltr'><strong>in</strong></span> <span class='ocrx_word' id='word_1_137' title='bbox 1263 2351 1365 2400; x_wconf 83' lang='lat' dir='ltr'><strong>canticis</strong></span> 
     </span>
     <span class='ocr_line' id='line_1_18' title="bbox 292 2434 1365 2502; baseline 0.003 -18"><span class='ocrx_word' id='word_1_138' title='bbox 292 2436 402 2485; x_wconf 79' lang='lat' dir='ltr'><strong>Helenae</strong></span> <span class='ocrx_word' id='word_1_139' title='bbox 418 2435 525 2495; x_wconf 84' lang='lat' dir='ltr'><strong>fabulae,</strong></span> <span class='ocrx_word' id='word_1_140' title='bbox 539 2434 668 2484; x_wconf 79' lang='lat' dir='ltr'><strong>alternatis</strong></span> <span class='ocrx_word' id='word_1_141' title='bbox 684 2435 749 2484; x_wconf 89' lang='lat' dir='ltr'><strong>inter</strong></span> <span class='ocrx_word' id='word_1_142' title='bbox 764 2435 890 2484; x_wconf 85' lang='lat' dir='ltr'><strong>Helenam</strong></span> <span class='ocrx_word' id='word_1_143' title='bbox 906 2442 932 2485; x_wconf 90' lang='grc'><strong>61</strong></span> <span class='ocrx_word' id='word_1_144' title='bbox 948 2435 1090 2486; x_wconf 76' lang='lat' dir='ltr'><strong>Menelaum</strong></span> <span class='ocrx_word' id='word_1_145' title='bbox 1107 2451 1144 2488; x_wconf 89' lang='lat' dir='ltr'><strong>vs.</strong></span> <span class='ocrx_word' id='word_1_146' title='bbox 1162 2437 1212 2488; x_wconf 79' lang='grc'><strong>648</strong></span> <span class='ocrx_word' id='word_1_147' title='bbox 1229 2453 1280 2502; x_wconf 84' lang='lat' dir='ltr'><strong>sqq.</strong></span> <span class='ocrx_word' id='word_1_148' title='bbox 1296 2439 1365 2501; x_wconf 78' lang='grc'><strong>(618,</strong></span> 
     </span>
     <span class='ocr_line' id='line_1_19' title="bbox 291 2523 1363 2590; baseline 0 -16"><span class='ocrx_word' id='word_1_149' title='bbox 291 2526 385 2582; x_wconf 79' lang='grc'><strong>650116,</strong></span> <span class='ocrx_word' id='word_1_150' title='bbox 402 2527 460 2585; x_wconf 81' lang='grc'><strong>661,</strong></span> <span class='ocrx_word' id='word_1_151' title='bbox 475 2527 532 2586; x_wconf 89' lang='grc'><strong>670,</strong></span> <span class='ocrx_word' id='word_1_152' title='bbox 545 2525 602 2582; x_wconf 77' lang='grc'><strong>682,</strong></span> <span class='ocrx_word' id='word_1_153' title='bbox 613 2525 683 2587; x_wconf 79' lang='grc'><strong>681).</strong></span> <span class='ocrx_word' id='word_1_154' title='bbox 701 2525 839 2573; x_wconf 78' lang='lat' dir='ltr'><strong>videantur</strong></span> <span class='ocrx_word' id='word_1_155' title='bbox 853 2523 928 2574; x_wconf 79' lang='grc'><strong>611666</strong></span> <span class='ocrx_word' id='word_1_156' title='bbox 935 2524 961 2574; x_wconf 92' lang='lat' dir='ltr'><strong>hi</strong></span> <span class='ocrx_word' id='word_1_157' title='bbox 971 2525 1118 2576; x_wconf 82' lang='lat' dir='ltr'><strong>axHeouba</strong></span> <span class='ocrx_word' id='word_1_158' title='bbox 1126 2540 1213 2576; x_wconf 81' lang='lat' dir='ltr'><strong>versus</strong></span> <span class='ocrx_word' id='word_1_159' title='bbox 1222 2527 1281 2589; x_wconf 88' lang='grc'><strong>(688</strong></span> <span class='ocrx_word' id='word_1_160' title='bbox 1288 2528 1363 2590; x_wconf 67' lang='lat' dir='ltr'><strong>aqui:</strong></span> 
     </span>
    </p>

    <p class='ocr_par' dir='ltr' id='par_1_6' title="bbox 549 2612 1097 2947">
     <span class='ocr_line' id='line_1_20' title="bbox 549 2612 1073 2678; baseline 0.002 -15"><span class='ocrx_word' id='word_1_161' title='bbox 549 2614 633 2663; x_wconf 83' lang='grc' dir='ltr'>ἄπιστ’</span> <span class='ocrx_word' id='word_1_162' title='bbox 651 2614 748 2663; x_wconf 80' lang='grc' dir='ltr'>ἄπιστα</span> <span class='ocrx_word' id='word_1_163' title='bbox 765 2614 931 2664; x_wconf 73' lang='grc' dir='ltr'>καινὰκαινὰ</span> <span class='ocrx_word' id='word_1_164' title='bbox 948 2612 1073 2678; x_wconf 78' lang='grc' dir='ltr'><strong>δέρκομαι,</strong></span> 
     </span>
     <span class='ocr_line' id='line_1_21' title="bbox 550 2701 1097 2767; baseline -0.004 -15"><span class='ocrx_word' id='word_1_165' title='bbox 550 2702 621 2767; x_wconf 74' lang='grc' dir='ltr'>ἕτερα</span> <span class='ocrx_word' id='word_1_166' title='bbox 639 2701 659 2752; x_wconf 68' lang='grc' dir='ltr'><strong>δ’</strong></span> <span class='ocrx_word' id='word_1_167' title='bbox 677 2701 719 2766; x_wconf 73' lang='grc' dir='ltr'><strong>ἀφ’</strong></span> <span class='ocrx_word' id='word_1_168' title='bbox 736 2701 826 2767; x_wconf 76' lang='grc' dir='ltr'>ἑτέρων</span> <span class='ocrx_word' id='word_1_169' title='bbox 842 2703 906 2752; x_wconf 79' lang='grc' dir='ltr'><strong>κακὰ</strong></span> <span class='ocrx_word' id='word_1_170' title='bbox 923 2706 1006 2752; x_wconf 73' lang='grc' dir='ltr'><strong><em>κακῶν</em></strong></span> <span class='ocrx_word' id='word_1_171' title='bbox 1023 2707 1097 2766; x_wconf 73' lang='grc' dir='ltr'>κυρεῖ.</span> 
     </span>
     <span class='ocr_line' id='line_1_22' title="bbox 550 2790 1040 2855; baseline -0.002 -14"><span class='ocrx_word' id='word_1_172' title='bbox 550 2791 664 2843; x_wconf 77' lang='grc' dir='ltr'>οὐδέποτ’</span> <span class='ocrx_word' id='word_1_173' title='bbox 682 2790 837 2850; x_wconf 70' lang='grc' dir='ltr'><em>ἀστένακτος</em></span> <span class='ocrx_word' id='word_1_174' title='bbox 853 2791 992 2855; x_wconf 76' lang='grc' dir='ltr'>ἀδάκρυτος</span> <span class='ocrx_word' id='word_1_175' title='bbox 1009 2790 1040 2840; x_wconf 83' lang='grc' dir='ltr'><strong>ἁ-</strong></span> 
     </span>
     <span class='ocr_line' id='line_1_23' title="bbox 549 2881 763 2947; baseline 0 -17"><span class='ocrx_word' id='word_1_176' title='bbox 549 2881 612 2947; x_wconf 75' lang='grc' dir='ltr'>μέρα</span> <span class='ocrx_word' id='word_1_177' title='bbox 629 2881 763 2946; x_wconf 79' lang='grc' dir='ltr'>’πισχὴσει.</span> 
     </span>
    </p>

    <p class='ocr_par' dir='ltr' id='par_1_7' title="bbox 549 2969 1117 3304">
     <span class='ocr_line' id='line_1_24' title="bbox 553 2969 1113 3032; baseline -0.004 -13"><span class='ocrx_word' id='word_1_178' title='bbox 553 2969 612 3020; x_wconf 77' lang='grc' dir='ltr'>δείν’</span> <span class='ocrx_word' id='word_1_179' title='bbox 629 2972 647 3022; x_wconf 79' lang='grc' dir='ltr'><strong><em>ὦ</em></strong></span> <span class='ocrx_word' id='word_1_180' title='bbox 665 2970 790 3030; x_wconf 77' lang='grc' dir='ltr'>τάλαινα,</span> <span class='ocrx_word' id='word_1_181' title='bbox 808 2970 876 3020; x_wconf 80' lang='grc' dir='ltr'>δεινὰ</span> <span class='ocrx_word' id='word_1_182' title='bbox 893 2969 1027 3032; x_wconf 79' lang='grc' dir='ltr'>πάσχομεν</span> <span class='ocrx_word' id='word_1_183' title='bbox 1042 2969 1113 3022; x_wconf 79' lang='grc' dir='ltr'><em>κακά.</em></span> 
     </span>
     <span class='ocr_line' id='line_1_25' title="bbox 551 3056 1060 3122; baseline -0.002 -15"><span class='ocrx_word' id='word_1_184' title='bbox 551 3060 570 3107; x_wconf 79' lang='grc' dir='ltr'>ὦ</span> <span class='ocrx_word' id='word_1_185' title='bbox 589 3059 686 3121; x_wconf 73' lang='grc' dir='ltr'><strong>τέκνον,</strong></span> <span class='ocrx_word' id='word_1_186' title='bbox 704 3059 793 3109; x_wconf 77' lang='grc' dir='ltr'>τέιινόν</span> <span class='ocrx_word' id='word_1_187' title='bbox 809 3058 935 3115; x_wconf 81' lang='grc' dir='ltr'><strong>ταλαίνας</strong></span> <span class='ocrx_word' id='word_1_188' title='bbox 950 3056 1060 3122; x_wconf 77' lang='grc' dir='ltr'><strong>ματρός,</strong></span> 
     </span>
     <span class='ocr_line' id='line_1_26' title="bbox 549 3149 1117 3215; baseline -0.005 -16"><span class='ocrx_word' id='word_1_189' title='bbox 549 3153 599 3200; x_wconf 82' lang='grc' dir='ltr'>τίνι</span> <span class='ocrx_word' id='word_1_190' title='bbox 615 3156 683 3215; x_wconf 83' lang='grc' dir='ltr'>μόρῳ</span> <span class='ocrx_word' id='word_1_191' title='bbox 700 3149 830 3210; x_wconf 59' lang='grc' dir='ltr'><strong>θνήσκῃς,</strong></span> <span class='ocrx_word' id='word_1_192' title='bbox 848 3149 899 3199; x_wconf 81' lang='grc' dir='ltr'>τίνι</span> <span class='ocrx_word' id='word_1_193' title='bbox 916 3153 1005 3212; x_wconf 81' lang='grc' dir='ltr'>πότμῳ</span> <span class='ocrx_word' id='word_1_194' title='bbox 1024 3151 1117 3208; x_wconf 56' lang='lat' dir='ltr'><strong>stiuam</strong></span> 
     </span>
     <span class='ocr_line' id='line_1_27' title="bbox 551 3238 873 3304; baseline -0.003 -16"><span class='ocrx_word' id='word_1_195' title='bbox 551 3241 614 3304; x_wconf 80' lang='grc' dir='ltr'><strong>πρὸς</strong></span> <span class='ocrx_word' id='word_1_196' title='bbox 631 3241 701 3297; x_wconf 76' lang='grc' dir='ltr'>τίνος</span> <span class='ocrx_word' id='word_1_197' title='bbox 717 3238 873 3303; x_wconf 66' lang='grc' dir='ltr'><strong>1666ρώ6616</strong></span> 
     </span>
    </p>

    <p class='ocr_par' dir='ltr' id='par_1_8' title="bbox 294 3325 1365 3748">
     <span class='ocr_line' id='line_1_28' title="bbox 325 3325 1364 3392; baseline 0 -16"><span class='ocrx_word' id='word_1_198' title='bbox 325 3327 429 3376; x_wconf 75' lang='lat' dir='ltr'><strong>Frustra</strong></span> <span class='ocrx_word' id='word_1_199' title='bbox 452 3333 521 3387; x_wconf 89' lang='lat' dir='ltr'><strong>sunt,</strong></span> <span class='ocrx_word' id='word_1_200' title='bbox 546 3343 586 3377; x_wconf 87' lang='lat' dir='ltr'><strong>ma</strong></span> <span class='ocrx_word' id='word_1_201' title='bbox 604 3329 704 3392; x_wconf 86' lang='lat' dir='ltr'><strong>quidam</strong></span> <span class='ocrx_word' id='word_1_202' title='bbox 716 3327 813 3391; x_wconf 86' lang='lat' dir='ltr'><strong>judice,</strong></span> <span class='ocrx_word' id='word_1_203' title='bbox 829 3326 871 3390; x_wconf 91' lang='lat' dir='ltr'><strong>qui</strong></span> <span class='ocrx_word' id='word_1_204' title='bbox 887 3328 914 3374; x_wconf 91' lang='lat' dir='ltr'><strong>in</strong></span> <span class='ocrx_word' id='word_1_205' title='bbox 929 3325 968 3376; x_wconf 93' lang='lat' dir='ltr'><strong>his</strong></span> <span class='ocrx_word' id='word_1_206' title='bbox 984 3325 1160 3376; x_wconf 81' lang='lat' dir='ltr'><strong>voeabulorum</strong></span> <span class='ocrx_word' id='word_1_207' title='bbox 1176 3326 1364 3390; x_wconf 80' lang='lat' dir='ltr'><strong>conduplicatio·</strong></span> 
     </span>
     <span class='ocr_line' id='line_1_29' title="bbox 294 3413 1365 3480; baseline 0.001 -17"><span class='ocrx_word' id='word_1_208' title='bbox 294 3415 364 3465; x_wconf 89' lang='lat' dir='ltr'><strong>nibus</strong></span> <span class='ocrx_word' id='word_1_209' title='bbox 389 3416 483 3479; x_wconf 88' lang='lat' dir='ltr'><strong>aliquid</strong></span> <span class='ocrx_word' id='word_1_210' title='bbox 506 3416 594 3466; x_wconf 87' lang='lat' dir='ltr'><strong>moesti</strong></span> <span class='ocrx_word' id='word_1_211' title='bbox 616 3425 640 3466; x_wconf 87' lang='lat' dir='ltr'><strong>et</strong></span> <span class='ocrx_word' id='word_1_212' title='bbox 657 3416 736 3466; x_wconf 88' lang='lat' dir='ltr'><strong>flebile</strong></span> <span class='ocrx_word' id='word_1_213' title='bbox 753 3422 888 3480; x_wconf 83' lang='lat' dir='ltr'><strong>quaerunt,</strong></span> <span class='ocrx_word' id='word_1_214' title='bbox 909 3413 949 3463; x_wconf 85' lang='lat' dir='ltr'><strong>vel</strong></span> <span class='ocrx_word' id='word_1_215' title='bbox 973 3421 1001 3464; x_wconf 90' lang='lat' dir='ltr'><strong>ut</strong></span> <span class='ocrx_word' id='word_1_216' title='bbox 1016 3428 1073 3464; x_wconf 85' lang='lat' dir='ltr'><strong>eum</strong></span> <span class='ocrx_word' id='word_1_217' title='bbox 1089 3415 1255 3477; x_wconf 80' lang='lat' dir='ltr'><strong>grammaticis</strong></span> <span class='ocrx_word' id='word_1_218' title='bbox 1271 3415 1365 3478; x_wconf 89' lang='lat' dir='ltr'><strong>loquar,</strong></span> 
     </span>
     <span class='ocr_line' id='line_1_30' title="bbox 294 3503 1364 3567; baseline 0.001 -15"><span class='ocrx_word' id='word_1_219' title='bbox 294 3505 452 3554; x_wconf 73' lang='lat' dir='ltr'><strong>aebetla&#39;aamo</strong></span> <span class='ocrx_word' id='word_1_220' title='bbox 468 3520 510 3554; x_wconf 84' lang='lat' dir='ltr'><strong>aas</strong></span> <span class='ocrx_word' id='word_1_221' title='bbox 526 3505 610 3556; x_wconf 87' lang='lat' dir='ltr'><strong>deberi</strong></span> <span class='ocrx_word' id='word_1_222' title='bbox 626 3507 785 3555; x_wconf 86' lang='grc'><strong>6661666661.</strong></span> <span class='ocrx_word' id='word_1_223' title='bbox 817 3505 920 3556; x_wconf 78' lang='lat' dir='ltr'><strong>Etenim</strong></span> <span class='ocrx_word' id='word_1_224' title='bbox 936 3519 987 3554; x_wconf 91' lang='lat' dir='ltr'><strong>non</strong></span> <span class='ocrx_word' id='word_1_225' title='bbox 1002 3511 1073 3553; x_wconf 87' lang='lat' dir='ltr'><strong>tanta</strong></span> <span class='ocrx_word' id='word_1_226' title='bbox 1089 3509 1126 3552; x_wconf 87' lang='lat' dir='ltr'><strong>est</strong></span> <span class='ocrx_word' id='word_1_227' title='bbox 1145 3503 1288 3567; x_wconf 86' lang='lat' dir='ltr'><strong>plerumque</strong></span> <span class='ocrx_word' id='word_1_228' title='bbox 1310 3519 1364 3554; x_wconf 86' lang='lat' dir='ltr'><strong>sau-</strong></span> 
     </span>
     <span class='ocr_line' id='line_1_31' title="bbox 294 3593 1364 3659; baseline 0 -17"><span class='ocrx_word' id='word_1_229' title='bbox 294 3593 384 3644; x_wconf 86' lang='lat' dir='ltr'><strong>tentiae</strong></span> <span class='ocrx_word' id='word_1_230' title='bbox 409 3595 522 3655; x_wconf 79' lang='grc' dir='ltr'>δεινότης</span> <span class='ocrx_word' id='word_1_231' title='bbox 547 3603 576 3645; x_wconf 88' lang='grc'><strong>61</strong></span> <span class='ocrx_word' id='word_1_232' title='bbox 598 3596 646 3645; x_wconf 87' lang='lat' dir='ltr'><strong>ista</strong></span> <span class='ocrx_word' id='word_1_233' title='bbox 669 3595 799 3659; x_wconf 78' lang='lat' dir='ltr'><strong>explicatio</strong></span> <span class='ocrx_word' id='word_1_234' title='bbox 820 3595 897 3659; x_wconf 87' lang='lat' dir='ltr'><strong>possit</strong></span> <span class='ocrx_word' id='word_1_235' title='bbox 917 3594 1000 3659; x_wconf 80' lang='lat' dir='ltr'><strong>recipi.</strong></span> <span class='ocrx_word' id='word_1_236' title='bbox 1033 3595 1091 3656; x_wconf 82' lang='lat' dir='ltr'><strong>ugo</strong></span> <span class='ocrx_word' id='word_1_237' title='bbox 1106 3593 1187 3642; x_wconf 91' lang='lat' dir='ltr'><strong>nullus</strong></span> <span class='ocrx_word' id='word_1_238' title='bbox 1204 3594 1288 3643; x_wconf 88' lang='lat' dir='ltr'><strong>dubito</strong></span> <span class='ocrx_word' id='word_1_239' title='bbox 1304 3595 1364 3658; x_wconf 92' lang='lat' dir='ltr'><strong>quin</strong></span> 
     </span>
     <span class='ocr_line' id='line_1_32' title="bbox 295 3682 1173 3748; baseline -0.002 -16"><span class='ocrx_word' id='word_1_240' title='bbox 295 3684 340 3733; x_wconf 87' lang='lat' dir='ltr'><strong>hae</strong></span> <span class='ocrx_word' id='word_1_241' title='bbox 355 3699 452 3748; x_wconf 85' lang='lat' dir='ltr'><strong>quoquo</strong></span> <span class='ocrx_word' id='word_1_242' title='bbox 467 3685 494 3738; x_wconf 90' lang='lat' dir='ltr'><strong>in</strong></span> <span class='ocrx_word' id='word_1_243' title='bbox 510 3693 581 3748; x_wconf 88' lang='lat' dir='ltr'><strong>parte</strong></span> <span class='ocrx_word' id='word_1_244' title='bbox 597 3687 629 3735; x_wconf 90' lang='lat' dir='ltr'><strong>ad</strong></span> <span class='ocrx_word' id='word_1_245' title='bbox 645 3687 730 3735; x_wconf 90' lang='lat' dir='ltr'><strong>modos</strong></span> <span class='ocrx_word' id='word_1_246' title='bbox 747 3685 854 3734; x_wconf 82' lang='lat' dir='ltr'><strong>musicos</strong></span> <span class='ocrx_word' id='word_1_247' title='bbox 870 3683 1001 3734; x_wconf 83' lang='lat' dir='ltr'><strong>referenda</strong></span> <span class='ocrx_word' id='word_1_248' title='bbox 1016 3683 1066 3732; x_wconf 89' lang='lat' dir='ltr'><strong>siut</strong></span> <span class='ocrx_word' id='word_1_249' title='bbox 1081 3682 1173 3732; x_wconf 89' lang='lat' dir='ltr'><strong>omnia.</strong></span> 
     </span>
    </p>

    <p class='ocr_par' dir='ltr' id='par_1_9' title="bbox 247 3772 1365 4545">
     <span class='ocr_line' id='line_1_33' title="bbox 327 3772 1365 3840; baseline -0.003 -16"><span class='ocrx_word' id='word_1_250' title='bbox 327 3773 430 3824; x_wconf 80' lang='lat' dir='ltr'><strong>Gaudeo</strong></span> <span class='ocrx_word' id='word_1_251' title='bbox 445 3790 485 3825; x_wconf 87' lang='lat' dir='ltr'><strong>ma</strong></span> <span class='ocrx_word' id='word_1_252' title='bbox 501 3775 565 3826; x_wconf 84' lang='lat' dir='ltr'><strong>bane</strong></span> <span class='ocrx_word' id='word_1_253' title='bbox 581 3775 723 3839; x_wconf 88' lang='lat' dir='ltr'><strong>opinionem</strong></span> <span class='ocrx_word' id='word_1_254' title='bbox 739 3775 804 3825; x_wconf 84' lang='lat' dir='ltr'><strong>tueri</strong></span> <span class='ocrx_word' id='word_1_255' title='bbox 819 3789 889 3840; x_wconf 85' lang='lat' dir='ltr'><strong>posse</strong></span> <span class='ocrx_word' id='word_1_256' title='bbox 905 3774 1053 3824; x_wconf 84' lang='lat' dir='ltr'><strong>auctoritate</strong></span> <span class='ocrx_word' id='word_1_257' title='bbox 1070 3772 1117 3824; x_wconf 88' lang='lat' dir='ltr'><strong>viri</strong></span> <span class='ocrx_word' id='word_1_258' title='bbox 1134 3773 1199 3822; x_wconf 86' lang='lat' dir='ltr'><strong>docti</strong></span> <span class='ocrx_word' id='word_1_259' title='bbox 1214 3773 1307 3831; x_wconf 85' lang='lat' dir='ltr'><strong>Labra,</strong></span> <span class='ocrx_word' id='word_1_260' title='bbox 1323 3773 1365 3836; x_wconf 89' lang='lat' dir='ltr'><strong>qui</strong></span> 
     </span>
     <span class='ocr_line' id='line_1_34' title="bbox 295 3864 1363 3930; baseline 0.002 -18"><span class='ocrx_word' id='word_1_261' title='bbox 295 3865 322 3912; x_wconf 93' lang='lat' dir='ltr'><strong>in</strong></span> <span class='ocrx_word' id='word_1_262' title='bbox 338 3865 474 3928; x_wconf 78' lang='lat' dir='ltr'><strong>Epimetris</strong></span> <span class='ocrx_word' id='word_1_263' title='bbox 490 3864 603 3930; x_wconf 76' lang='lat' dir='ltr'><strong>subJectis</strong></span> <span class='ocrx_word' id='word_1_264' title='bbox 618 3866 682 3915; x_wconf 88' lang='lat' dir='ltr'><strong>libro</strong></span> <span class='ocrx_word' id='word_1_265' title='bbox 699 3866 730 3916; x_wconf 86' lang='grc'><strong>66</strong></span> <span class='ocrx_word' id='word_1_266' title='bbox 746 3865 888 3916; x_wconf 79' lang='lat' dir='ltr'><strong>Aristarebi</strong></span> <span class='ocrx_word' id='word_1_267' title='bbox 904 3864 991 3915; x_wconf 87' lang='lat' dir='ltr'><strong>studiis</strong></span> <span class='ocrx_word' id='word_1_268' title='bbox 1006 3864 1162 3924; x_wconf 76' lang='lat' dir='ltr'><strong>Homericis,</strong></span> <span class='ocrx_word' id='word_1_269' title='bbox 1176 3878 1234 3927; x_wconf 80' lang='lat' dir='ltr'><strong>pag.</strong></span> <span class='ocrx_word' id='word_1_270' title='bbox 1251 3865 1299 3916; x_wconf 83' lang='grc'><strong>475</strong></span> <span class='ocrx_word' id='word_1_271' title='bbox 1314 3865 1363 3914; x_wconf 87' lang='lat' dir='ltr'><strong>edi·</strong></span> 
     </span>
     <span class='ocr_line' id='line_1_35' title="bbox 294 3951 1365 4016; baseline -0.001 -13"><span class='ocrx_word' id='word_1_272' title='bbox 294 3955 370 4004; x_wconf 87' lang='lat' dir='ltr'><strong>tionis</strong></span> <span class='ocrx_word' id='word_1_273' title='bbox 385 3956 444 4004; x_wconf 89' lang='grc'><strong>6661</strong></span> <span class='ocrx_word' id='word_1_274' title='bbox 467 3957 544 4015; x_wconf 86' lang='grc'><strong>1865,</strong></span> <span class='ocrx_word' id='word_1_275' title='bbox 560 3957 663 4006; x_wconf 84' lang='lat' dir='ltr'><strong>eandem</strong></span> <span class='ocrx_word' id='word_1_276' title='bbox 681 3955 828 4005; x_wconf 80' lang='lat' dir='ltr'><strong>sententiam</strong></span> <span class='ocrx_word' id='word_1_277' title='bbox 844 3954 884 4004; x_wconf 89' lang='lat' dir='ltr'><strong>his</strong></span> <span class='ocrx_word' id='word_1_278' title='bbox 899 3953 984 4004; x_wconf 67' lang='lat' dir='ltr'><strong>sarbia</strong></span> <span class='ocrx_word' id='word_1_279' title='bbox 1000 3953 1131 4016; x_wconf 82' lang='lat' dir='ltr'><strong>exprimit:</strong></span> <span class='ocrx_word' id='word_1_280' title='bbox 1157 3953 1233 4004; x_wconf 83' lang='lat' dir='ltr'><strong>“Wio</strong></span> <span class='ocrx_word' id='word_1_281' title='bbox 1247 3951 1305 4002; x_wconf 85' lang='lat' dir='ltr'><strong>sehr</strong></span> <span class='ocrx_word' id='word_1_282' title='bbox 1321 3954 1365 4002; x_wconf 87' lang='lat' dir='ltr'><strong>dae</strong></span> 
     </span>
     <span class='ocr_line' id='line_1_36' title="bbox 247 4040 1365 4110; baseline -0.001 -17"><span class='ocrx_word' id='word_1_283' title='bbox 247 4099 252 4110; x_wconf 35' lang='lat'>⁸</span> <span class='ocrx_word' id='word_1_284' title='bbox 295 4043 488 4094; x_wconf 82' lang='lat' dir='ltr'><strong>“Musikalisehe</strong></span> <span class='ocrx_word' id='word_1_285' title='bbox 511 4044 643 4108; x_wconf 81' lang='lat' dir='ltr'><strong>mitspielt‚</strong></span> <span class='ocrx_word' id='word_1_286' title='bbox 667 4045 711 4094; x_wconf 84' lang='lat' dir='ltr'><strong>das</strong></span> <span class='ocrx_word' id='word_1_287' title='bbox 734 4044 868 4107; x_wconf 85' lang='lat' dir='ltr'><strong>empfindet</strong></span> <span class='ocrx_word' id='word_1_288' title='bbox 890 4057 951 4093; x_wconf 86' lang='lat' dir='ltr'><strong>man</strong></span> <span class='ocrx_word' id='word_1_289' title='bbox 969 4042 1103 4093; x_wconf 84' lang='lat' dir='ltr'><strong>besonders</strong></span> <span class='ocrx_word' id='word_1_290' title='bbox 1122 4040 1266 4092; x_wconf 76' lang='grc'><strong>666161166</strong></span> <span class='ocrx_word' id='word_1_291' title='bbox 1282 4056 1320 4102; x_wconf 76' lang='lat' dir='ltr'><strong>uo</strong></span> <span class='ocrx_word' id='word_1_292' title='bbox 1337 4057 1365 4092; x_wconf 84' lang='lat' dir='ltr'><strong>ee</strong></span> 
     </span>
     <span class='ocr_line' id='line_1_37' title="bbox 295 4130 1363 4202; baseline 0 -20"><span class='ocrx_word' id='word_1_293' title='bbox 295 4133 379 4186; x_wconf 82' lang='lat' dir='ltr'><strong>“niebt</strong></span> <span class='ocrx_word' id='word_1_294' title='bbox 394 4133 512 4198; x_wconf 81' lang='lat' dir='ltr'><strong>geschout</strong></span> <span class='ocrx_word' id='word_1_295' title='bbox 526 4135 626 4184; x_wconf 83' lang='lat' dir='ltr'><strong>worden</strong></span> <span class='ocrx_word' id='word_1_296' title='bbox 643 4148 714 4184; x_wconf 81' lang='lat' dir='ltr'><strong>wenn</strong></span> <span class='ocrx_word' id='word_1_297' title='bbox 731 4133 798 4184; x_wconf 82' lang='lat' dir='ltr'><strong>disee</strong></span> <span class='ocrx_word' id='word_1_298' title='bbox 814 4132 1009 4202; x_wconf 76' lang='lat' dir='ltr'><strong>Vlliedarholung¹</strong></span> <span class='ocrx_word' id='word_1_299' title='bbox 1028 4132 1103 4182; x_wconf 86' lang='lat' dir='ltr'><strong>salbst</strong></span> <span class='ocrx_word' id='word_1_300' title='bbox 1119 4130 1166 4180; x_wconf 89' lang='lat' dir='ltr'><strong>auf</strong></span> <span class='ocrx_word' id='word_1_301' title='bbox 1178 4131 1221 4180; x_wconf 87' lang='lat' dir='ltr'><strong>ein</strong></span> <span class='ocrx_word' id='word_1_302' title='bbox 1230 4131 1304 4182; x_wconf 86' lang='lat' dir='ltr'><strong>Wort</strong></span> <span class='ocrx_word' id='word_1_303' title='bbox 1319 4147 1363 4182; x_wconf 86' lang='lat' dir='ltr'><strong>un·</strong></span> 
     </span>
     <span class='ocr_line' id='line_1_38' title="bbox 296 4219 1365 4286; baseline -0.003 -12"><span class='ocrx_word' id='word_1_304' title='bbox 296 4224 488 4274; x_wconf 76' lang='lat' dir='ltr'><strong>“bodautsamen</strong></span> <span class='ocrx_word' id='word_1_305' title='bbox 513 4224 601 4275; x_wconf 87' lang='lat' dir='ltr'><strong>Sinnes</strong></span> <span class='ocrx_word' id='word_1_306' title='bbox 626 4223 700 4283; x_wconf 78' lang='grc'><strong>16161,</strong></span> <span class='ocrx_word' id='word_1_307' title='bbox 725 4223 772 4272; x_wconf 80' lang='lat' dir='ltr'><strong>uie</strong></span> <span class='ocrx_word' id='word_1_308' title='bbox 790 4223 865 4286; x_wconf 80' lang='lat' dir='ltr'><strong>janes</strong></span> <span class='ocrx_word' id='word_1_309' title='bbox 880 4221 956 4282; x_wconf 81' lang='grc' dir='ltr'><strong><em>ἐδάην</em></strong></span> <span class='ocrx_word' id='word_1_310' title='bbox 972 4221 1048 4282; x_wconf 72' lang='lat' dir='ltr'><strong>lirino</strong></span> <span class='ocrx_word' id='word_1_311' title='bbox 1064 4219 1191 4271; x_wconf 86' lang='lat' dir='ltr'><strong>Phoeniss.</strong></span> <span class='ocrx_word' id='word_1_312' title='bbox 1207 4221 1268 4280; x_wconf 86' lang='grc'><strong>686,</strong></span> <span class='ocrx_word' id='word_1_313' title='bbox 1284 4221 1365 4282; x_wconf 76' lang='grc' dir='ltr'>ἄλλος</span> 
     </span>
     <span class='ocr_line' id='line_1_39' title="bbox 296 4308 1364 4374; baseline -0.003 -12"><span class='ocrx_word' id='word_1_314' title='bbox 296 4313 392 4371; x_wconf 68' lang='lat' dir='ltr'><strong>“uilloc</strong></span> <span class='ocrx_word' id='word_1_315' title='bbox 416 4313 523 4362; x_wconf 89' lang='lat' dir='ltr'><strong>daaelbst</strong></span> <span class='ocrx_word' id='word_1_316' title='bbox 548 4311 619 4364; x_wconf 65' lang='lat'>132³·</span> <span class='ocrx_word' id='word_1_317' title='bbox 643 4339 673 4350; x_wconf 88' lang='lat'>-</span> <span class='ocrx_word' id='word_1_318' title='bbox 695 4313 802 4363; x_wconf 84' lang='lat' dir='ltr'><strong>Meliora</strong></span> <span class='ocrx_word' id='word_1_319' title='bbox 818 4319 902 4361; x_wconf 86' lang='lat' dir='ltr'><strong>tamen</strong></span> <span class='ocrx_word' id='word_1_320' title='bbox 918 4309 1032 4374; x_wconf 86' lang='lat' dir='ltr'><strong>exempla</strong></span> <span class='ocrx_word' id='word_1_321' title='bbox 1049 4309 1171 4372; x_wconf 86' lang='lat' dir='ltr'><strong>potuisset</strong></span> <span class='ocrx_word' id='word_1_322' title='bbox 1185 4308 1290 4372; x_wconf 68' lang='grc'><strong>6113666,</strong></span> <span class='ocrx_word' id='word_1_323' title='bbox 1307 4326 1364 4359; x_wconf 83' lang='lat' dir='ltr'><strong>nam</strong></span> 
     </span>
     <span class='ocr_line' id='line_1_40' title="bbox 297 4400 1365 4467; baseline -0.002 -17"><span class='ocrx_word' id='word_1_324' title='bbox 297 4403 427 4454; x_wconf 82' lang='lat' dir='ltr'><strong>Pboenias.</strong></span> <span class='ocrx_word' id='word_1_325' title='bbox 442 4419 478 4454; x_wconf 77' lang='lat' dir='ltr'><strong>vs.</strong></span> <span class='ocrx_word' id='word_1_326' title='bbox 499 4405 544 4453; x_wconf 83' lang='grc'><strong>681</strong></span> <span class='ocrx_word' id='word_1_327' title='bbox 563 4403 627 4466; x_wconf 85' lang='grc' dir='ltr'>βᾶθι</span> <span class='ocrx_word' id='word_1_328' title='bbox 647 4403 710 4467; x_wconf 80' lang='grc' dir='ltr'>βᾶθι</span> <span class='ocrx_word' id='word_1_329' title='bbox 731 4403 832 4467; x_wconf 77' lang='lat' dir='ltr'><strong>legitur,</strong></span> <span class='ocrx_word' id='word_1_330' title='bbox 853 4401 955 4452; x_wconf 88' lang='grc'><strong>6111166</strong></span> <span class='ocrx_word' id='word_1_331' title='bbox 972 4402 1053 4459; x_wconf 75' lang='grc' dir='ltr'>ἄλλος</span> <span class='ocrx_word' id='word_1_332' title='bbox 1070 4400 1365 4459; x_wconf 78' lang='grc' dir='ltr'><strong>6116ς666166661166</strong></span> 
     </span>
     <span class='ocr_line' id='line_1_41' title="bbox 297 4493 636 4545; baseline 0.009 -4"><span class='ocrx_word' id='word_1_333' title='bbox 297 4494 381 4543; x_wconf 82' lang='lat' dir='ltr'><strong>sedin</strong></span> <span class='ocrx_word' id='word_1_334' title='bbox 397 4493 508 4544; x_wconf 85' lang='lat' dir='ltr'><strong>diverbio</strong></span> <span class='ocrx_word' id='word_1_335' title='bbox 524 4493 636 4545; x_wconf 84' lang='lat' dir='ltr'><strong>oecurrit.</strong></span> 
     </span>
    </p>
   </div>
   <div class='ocr_carea' id='block_1_4' title="bbox 0 0 1660 5338">
    <p class='ocr_par' dir='ltr' id='par_1_10' title="bbox 0 0 1660 5338">
     <span class='ocr_line' id='line_1_42' title="bbox 0 0 1660 5338; baseline 0 0"><span class='ocrx_word' id='word_1_336' title='bbox 0 0 1660 5338; x_wconf 95' lang='lat' dir='ltr'><strong> </strong></span> 
     </span>
    </p>
   </div>
  </div>
 </body>
</html>
