3258 5328
823 431 873 502 .Ιᾶ

361 607 422 676 His
455 619 564 677 autem
597 613 754 678 doctrinis
780 613 929 678 initiatus
956 613 1157 698 Strepsiades
1181 615 1341 698 rusticus,
1375 639 1392 679 c

314 723 425 788 schola
467 723 606 790 Socratis
647 746 809 806 reversus,
857 724 903 788 sic
938 723 1047 788 illudit
1082 724 1150 789 filio
1178 725 1304 811 juranti
1337 751 1393 813 per

315 837 432 901 Jovem
456 837 647 923 Olympium
670 861 716 904 vs.
739 841 802 903 818
827 860 895 924 sq.:

515 947 584 1016 ἰδού
605 953 635 1036 γ’
656 948 723 1017 ἰδοὺ
747 952 795 1017 Δί’
817 951 1004 1032 Ὀλύμπιον·
1027 961 1081 1026 τῆς
1102 955 1233 1038 μωρίας·

348 1135 350 1137 ,
515 1065 551 1128 τὸ
574 1067 635 1129 Δία
657 1063 810 1146 νομίζειν,
834 1066 911 1128 ὄντα
931 1061 1139 1138 τηλικουτονί·

317 1178 349 1236 ot
371 1195 447 1240 mox
465 1196 539 1240 cum
559 1176 715 1240 creditore
737 1175 835 1240 Pasia
856 1175 902 1239 ita
924 1175 1098 1238 altercatur
1112 1175 1174 1258 (vs.
1194 1178 1277 1240 1232
1292 1179 1392 1258 sqq.):

360 1289 439 1351 Pas,
513 1295 560 1354 καὶ
583 1289 667 1354 ταῦτ’
689 1287 844 1363 ἐθελήσεις
866 1288 1025 1370 άπομόσαι
1045 1317 1097 1372 μοι
1118 1292 1191 1363 τοὺς
1213 1286 1320 1363 θεοός;

362 1400 482 1483 Streps.
521 1403 634 1474 ποίους
657 1397 763 1474 θεοός;

622 1511 700 1574 Pas.
780 1511 819 1574 ὃν
840 1510 879 1574 ἂν
901 1509 1035 1575 κελεύσω
1057 1513 1152 1597 ’γωγέ
1173 1540 1224 1584 σε,

519 1625 574 1687 τὸν
598 1627 676 1696 Δία,
698 1625 754 1688 τὸν
774 1623 907 1709 Ἑρμῆν,
929 1624 985 1688 τὸν
1009 1619 1162 1688 Ποσειδῶ·

987 1732 1108 1816 Streps.
1158 1735 1195 1807 νὴ
1228 1738 1305 1803 Δία,

519 1847 575 1911 κᾶν
596 1842 845 1933 προςκαταθείην
866 1846 907 1930 γ’,
930 1847 1002 1908 ὥστ’
1026 1846 1151 1925 ὀμόσαι,
1175 1842 1370 1931 τριώβολον.

879 2053 1059 2138 θαυμασίως
1081 2052 1183 2131 ἥσθην
1206 2055 1307 2131 θεοῖς,

518 2170 564 2226 καὶ
588 2166 661 2236 Ζεὺς
683 2161 812 2247 γέλοιος
834 2163 1009 2243 ὀμνύμενος
1030 2169 1098 2234 τοῖς
1120 2158 1245 2226 εἰδόσιν-

364 2283 468 2347 Filius
489 2302 574 2363 vero,
595 2280 684 2344 brevi
705 2288 854 2364 temporo
861 2279 959 2343 nimis
971 2279 1052 2344 bene
1065 2279 1197 2344 edoctus
1211 2302 1328 2345 novam
1342 2279 1393 2344 di-

318 2395 489 2480 sciplinam
502 2392 760 2478 philosophicam
773 2392 1393 2477 etrhctoricoartificio‚pot1·emverbo·

319 2517 379 2590 cot,
402 2515 435 2572 et
445 2489 529 2571 'deos
552 2505 673 2590 patrios
687 2506 903 2570 obtestantem
916 2505 967 2569 his
982 2506 1088 2570 verbis
1103 2505 1216 2570 irridet
1226 2528 1271 2570 vs.
1289 2509 1391 2569 1469:

519 2616 589 2684 ἰδοό
610 2646 645 2704 γε
669 2621 730 2683 Δία
751 2623 909 2704 πατρῷον·
933 2621 976 2694 ὡς
998 2619 1135 2704 ἀρχαῖος
1156 2620 1190 2684 εἷ·

521 2728 593 2798 Ζεὺς
616 2724 678 2811 γάρ
700 2752 747 2798 τις
769 2724 869 2794 ioum

322 2833 408 2896 Molo
435 2830 595 2894 mulcatus
628 2829 758 2892 tandem
790 2827 952 2892 exclamat
989 2828 1190 2913 Strepsiades
1217 2851 1262 2894 vs.
1291 2833 1391 2894 1476:

520 2941 602 3024 οἴμοι
624 2945 808 3028 παρανοίας·
832 2943 876 3016 ὡς
898 2943 1064 3024 ἐμαινόμην
1087 2943 1146 3030 ἄρα

520 3048 564 3113 ὅτ’
586 3045 766 3134 ἐξέβαλλον
788 3050 862 3122 τοὺς
885 3044 976 3121 θεοὺς
1000 3043 1048 3111 διὰ
1073 3048 1233 3133 Σωκράτη.

321 3160 354 3216 ct
389 3153 517 3218 ulturus
548 3151 778 3217 contumeliam
814 3174 910 3236 quam
938 3172 1110 3236 perpessus
1134 3151 1240 3217 fuerat
1264 3151 1392 3233 ofilio,

322 3269 565 3351 φροντιστήριον
601 3266 759 3348 Socratis,
793 3267 948 3331 adscenso
976 3271 1082 3347 teoto,
1107 3265 1287 3348 comburit,
1312 3266 1395 3329 inter

322 3379 386 3442 alia
418 3379 531 3466 acerba
569 3379 601 3442 in
637 3378 848 3463 philosophos
884 3378 1128 3444 semiustulatos
1164 3377 1298 3443 dicteria
1335 3378 1393 3441 hoc
1432 3359 1434 3363 ¹

322 3513 448 3577 quoque
471 3491 667 3558 vociferans:

522 3606 552 3671 τί
572 3608 635 3691 γὰρ
657 3606 812 3682 παθόντες
833 3611 908 3682 τοὺς
931 3605 1021 3680 θεοὺς
1042 3602 1204 3692 ὑβρίζετε;

368 3710 492 3777 Chorus
520 3733 593 3776 vero
618 3711 784 3794 Nubium,
809 3734 924 3798 quem,
950 3711 1033 3776 miro
1058 3711 1265 3775 conversione
1290 3709 1394 3790 facta,

323 3824 356 3888 in
392 3823 510 3889 ultimo
531 3825 714 3890 comoediae
737 3833 828 3910 parte
861 3825 1018 3910 sophistis
1041 3823 1211 3888 inimicum
1236 3824 1395 3903 videmus,

324 3959 425 4022 quum
457 3937 553 4003 initio
586 3939 625 4003 iis
648 3937 801 4022 favisset,
828 3940 879 4003 his
902 3938 1009 4003 verbis
1035 3959 1068 4002 se
1092 3937 1232 4021 gaudere
1257 3943 1397 4002 testatur
1473 3971 1477 3978 ·

328 4050 523 4135 Strepsiadis
551 4051 730 4116 infortunia
755 4072 801 4116 vs.
829 4053 914 4114 1458
939 4072 1029 4134 sqq.:
1261 4139 1263 4143 ι

525 4167 610 4246 ἡμεῖς
632 4172 780 4247 ποιοῦμεν
802 4164 887 4229 ταῦθ’
910 4163 1061 4234 ἑκάστοθ’,
1085 4169 1160 4229 ὅταν
1182 4167 1250 4229 τινὰ

527 4273 651 4353 γνῶμεν
672 4275 822 4356 πονηρῶν
845 4270 909 4334 ὅντ’
932 4272 1063 4355 ἐραστὴν
1085 4270 1296 4353 πραγμάτων,

526 4375 584 4448 ἕως
606 4373 644 4438 ἂν
666 4376 762 4439 αὐτὸν
784 4373 971 4461 ἐμβάλωμεν
993 4379 1036 4448 εἰς
1058 4375 1167 4442 κακόνν

528 4482 614 4551 ὅπως
637 4478 674 4541 ἂν
697 4476 760 4564 εἰδῇ
782 4485 856 4552 τοὺς
879 4477 970 4555 θεοὺς
992 4477 1167 4544 δεδοικέναι·
