3284 5338
873 451 913 512 98

355 628 390 695 ln
405 651 569 698 caesuram
585 631 803 720 πενθομιμερῆ.
821 632 914 697 addit
926 630 1096 708 “ληκόθιον
1109 631 1300 698 &culturos
1326 630 1430 695 Vide-

356 764 448 808 amus
473 743 543 827 ejus
565 744 628 808 looi
650 743 782 809 initium
807 744 940 828 (Ranar.
968 764 1014 807 vs.
1045 744 1129 807 1198
1153 745 1260 828 sqq.):

339 833 345 844 Ι
395 857 496 916 Aml-
536 863 583 922 καὶ
604 859 665 939 μὴν
685 858 727 938 μὰ
749 860 806 923 τὸν
829 858 879 922 Δί’
901 858 938 920 οὐ
961 857 1024 920 κατ’
1046 855 1123 930 ἔπος
1144 859 1181 940 γε’
1201 883 1259 920 σου
1281 860 1379 920 κνίσω

540 964 576 1026 τὸ
597 960 668 1047 ῥῆμ’
690 963 835 1034 ἕκαστον,
861 960 948 1028 ιἰλλὰ
971 963 1029 1026 σὺν
1051 969 1151 1050 τοῖσιν
1174 958 1258 1034 θεοῖς

541 1067 604 1131 ἀπὸ
626 1064 777 1141 ληκυθίου
799 1094 857 1130 σου
878 1070 954 1141 τοὺς
974 1064 1162 1151 προλόγους
1185 1062 1349 1150 διαφθερῶ.

396 1170 469 1230 EW·
542 1170 606 1236 ἀπὸ
628 1168 777 1245 ληκυθίου
800 1174 838 1236 σὺ
862 1161 938 1244 τοὺς
959 1171 1068 1252 ἐμοός;

959 1275 1063 1352 Aesch-
1106 1277 1177 1349 ἑνὸς
1198 1277 1308 1358 μόνου-

542 1389 641 1454 ποιεῖς
662 1382 726 1467 γὰρ
748 1379 849 1454 οὕτως
871 1379 944 1444 ὥστ’
966 1381 1160 1465 ἐναρμόττειν
1183 1379 1283 1452 ὅταν,

542 1490 589 1548 καὶ
612 1481 765 1570 κιρθόριον
788 1489 837 1550 καὶ
859 1484 1009 1560 ληκόθιον
1032 1489 1080 1550 καὶ
1104 1483 1269 1556 θυλάκιον,

541 1592 661 1664 ἐντοῖς
682 1586 863 1674 ἰαμβείοισι·
886 1587 976 1662 δείξω
999 1586 1024 1654 δ’
1047 1592 1165 1654 αὐτίκα·

465 1740 471 1753 ·
543 1691 628 1766 ίδοίι,
651 1699 690 1762 σὺ
718 1692 845 1770 &lium

759 1799 863 1859 Aesch.
897 1804 983 1884 φημί.

859 1904 978 1979 Dionys-
1011 1908 1059 1968 καὶ
1082 1899 1120 1977 δὴ
1143 1905 1207 1990 χρὴ
1227 1901 1341 1988 λίγειν·

425 2037 428 2044 ⁴
464 2055 470 2067 .
545 2007 723 2092 Αἴγυπτος,
746 2009 790 2082 ὡς
813 2011 830 2072 ὁ
851 2008 1002 2082 πλεῖστος
1024 2007 1172 2092 ἔσπαρται
1196 2007 1319 2093 λόγος,

545 2111 603 2186 ξὺν
623 2119 710 2178 παισὶ
732 2117 924 2188 πεντήκοντα
947 2114 1083 2198 ναυτίλῳ
1104 2113 1214 2199 πλάτῃ

540 2219 664 2304 ’Ἄργος
686 2222 854 2304 κατασχὼν

779 2325 882 2384 Ami·
915 2323 1067 2400 ληκόθιον
1090 2321 1265 2388 &concarn-

405 2445 457 2510 sic
479 2443 622 2529 plurium
644 2444 850 2529 prologorum
873 2443 969 2509 initia
986 2442 1154 2508 intercinii
1164 2441 1247 2506 illud
1259 2441 1432 2507 molestum

360 2558 518 2634 ληκύθιον,
542 2555 643 2622 donec
665 2556 741 2622 finis
764 2557 934 2623 certamini
946 2558 1132 2643 imponatur
1144 2575 1246 2640 quum
1257 2554 1432 2620 verendum

361 2663 403 2727 sit
430 2687 470 2729 ne
493 2687 570 2731 mox
592 2667 662 2751 ipse
685 2690 811 2756 quoquo
832 2669 963 2753 Jupiter
985 2669 1116 2734 amiitat
1146 2689 1241 2732 suum
1264 2667 1430 2732 vasculum

361 2778 614 2861 unguentarium
636 2801 682 2844 vs.
712 2783 796 2844 1244
819 2801 887 2865 sqq.

406 2889 510 2970 Quam
534 2891 741 2960 vehomenter-
763 2893 822 2956 hoc
845 2892 1074 2978 Aristophanis
1093 2891 1166 2976 joco
1190 2892 1342 2958 delectati
1366 2891 1432 2956 sint

362 3011 573 3088 spectatores,
599 3004 681 3070 illud
705 3005 894 3072 testimonio
915 3012 982 3086 est,
1004 3005 1089 3090 quod
1105 3003 1261 3089 posterior
1279 3025 1353 3088 pars
1374 3002 1431 3066 iri-

362 3118 457 3181 mctri
476 3119 625 3201 iambici,
647 3138 812 3183 caesuram
832 3115 1037 3202 πενθημιμερῆ
1054 3117 1215 3198 habentis,
1228 3115 1304 3180 indo
1315 3137 1432 3181 nomon

362 3228 526 3304 ληκνθείοο
548 3229 680 3314 accepit„
707 3229 782 3294 Non
805 3236 890 3295 recte
914 3237 1023 3294 tamen
1046 3235 1178 3314 putaras
1192 3228 1214 3311 ¹,
1239 3227 1432 3294 comicoim-

363 3341 532 3424 probalam
554 3343 657 3408 fuisse
680 3343 785 3428 ipsam
808 3343 899 3408 illam
923 3364 1088 3408 caesuram
1115 3351 1191 3428 post
1211 3340 1350 3427 primam
1366 3339 1431 3424 syl-

362 3452 469 3520 labam
495 3455 653 3521 secundae
677 3455 837 3540 dipodius,
857 3477 939 3543 quae
951 3477 1052 3541 quum
1063 3478 1120 3540 por
1132 3477 1166 3521 se
1178 3455 1430 3535 commendatur,

363 3574 434 3631 tum
457 3569 635 3636 innumeris
659 3571 816 3658 exemplis
841 3594 858 3636 c
881 3571 1010 3655 scriptis
1033 3569 1188 3654 Aeschyli
1201 3566 1433 3654 Sophoclisquc

362 3682 505 3766 ipsiusve
538 3683 766 3770 Aristophanis
802 3684 930 3749 defendi
963 3689 1073 3769 posset
1106 3684 1135 3748 si
1158 3704 1238 3768 opus
1261 3680 1430 3745 videretur.

359 3793 466 3860 'Plano
501 3797 565 3862 alia
597 3802 675 3861 sunt
716 3796 798 3861 vilia
829 3797 1037 3882 prologorum
1071 3795 1320 3880 Euripideorum
1354 3805 1434 3877 quac

363 3907 423 3973 hoc
457 3914 653 3993 scommate,
690 3908 886 3975 subobscuro
920 3909 1075 3992 fortasse,
1106 3914 1199 3972 notul
1220 3906 1379 3986 comicus,
1403 3908 1436 3967 et

364 4025 458 4091 tanto
478 4019 609 4105 quidem
627 4021 701 4106 juro
723 4028 834 4104 notat,
859 4027 913 4104 ut,
939 4041 1038 4106 quum
1061 4026 1204 4088 caeterae
1216 4017 1435 4086 accusationes

364 4153 428 4197 non
452 4133 617 4214 pauciores
646 4132 845 4198 adversarios
868 4153 966 4218 quam
988 4132 1131 4198 fautores
1152 4131 1355 4213 invenerint,
1380 4129 1436 4192 vix

364 4243 535 4330 quisquam
558 4251 625 4311 tam
649 4268 719 4310 acer
742 4246 887 4311 extiterit
909 4244 1075 4330 Euripidis
1099 4245 1284 4309 admirator·
1297 4243 1353 4329 qui
1376 4243 1436 4306 hac

371 4413 439 4422 ..μ-ι·-

398 4493 405 4526 ¹
425 4491 494 4552 Qun
509 4501 547 4541 ssi
562 4493 720 4542 Vulckenurii
737 4494 872 4556 scrutantis¹
887 4496 937 4545 rid.
956 4495 1009 4558 ojus
1026 4501 1109 4544 annot.
1127 4497 1159 4544 ud
1174 4496 1235 4544 Eur.
1249 4490 1351 4557 Hippoi.
1366 4508 1402 4544 rs.
1411 4495 1436 4546 2.
