3258 5328
740 407 891 496 re¹

221 613 304 678 ricae
328 613 458 678 Athene
483 637 522 680 ex
540 637 636 681 scena
647 616 825 701 alloquitur
837 615 984 681 Orestem
1002 639 1066 682 non
1083 623 1297 702 praesentem,

222 748 263 790 ne
280 727 492 810 conspicuum
505 727 648 812 quidem,
664 729 721 794 sed
737 750 831 813 quem
845 730 957 813 procul
974 730 1007 794 in
1026 753 1162 816 aequore
1179 731 1298 796 scimus
1360 733 1362 740 '

221 839 393 926 navigare:

381 953 484 1028 κλύεις
506 954 569 1040 γὰρ
592 951 701 1031 αὐδήν,
723 960 831 1040 καίπερ
854 958 891 1020 οὐ
913 958 1033 1042 παρών,
1057 955 1138 1031 θεᾶς.

220 1073 317 1137 Hunc
341 1094 469 1139 versum
496 1075 569 1140 ideo
592 1075 723 1141 Athene
746 1075 888 1160 profert,
917 1081 954 1140 ut
983 1097 1021 1139 ea
1047 1096 1129 1160 quae
1151 1074 1297 1160 proxime

219 1194 414 1272 sequuntur,
440 1187 481 1252 ad
505 1187 654 1254 Orestem
678 1187 877 1274 pertinentia
901 1187 991 1252 etin
1007 1187 1212 1252 Athenarum
1224 1187 1295 1273 glo-

218 1299 300 1364 riam
325 1299 453 1383 addita,
477 1300 647 1367 commode
670 1302 799 1387 possint
822 1301 977 1379 enarrari3
1006 1301 1063 1366 sed
1087 1307 1156 1366 tam
1179 1300 1296 1364 miram

217 1411 403 1497 fictionem,
439 1414 581 1480 comicae
616 1415 730 1481 itidem
760 1437 874 1480 scenae
903 1415 1041 1480 fortasse
1070 1413 1294 1480 accommoda-

218 1533 286 1590 tam
305 1525 328 1608 ¹,
351 1527 424 1612 quis
447 1527 564 1613 probet
578 1531 610 1593 ²?
645 1528 719 1592 Non
743 1527 865 1614 majore
883 1528 979 1593 laude
991 1527 1093 1613 digna
1107 1527 1190 1594 mihi
1206 1527 1294 1592 vide-

217 1643 271 1703 tur
300 1638 422 1726 frigida
444 1639 606 1722 sollertia,
632 1662 697 1726 qua
720 1647 817 1726 poeta
839 1640 874 1706 in
899 1641 977 1705 Ione
1001 1647 1112 1724 narrat
1133 1641 1294 1727 quomodo

217 1752 409 1838 crepundia,
442 1775 500 1840 per
531 1775 614 1839 quae
640 1753 772 1838 juvenis
799 1755 998 1840 agnoscitur,
1027 1754 1150 1820 intacta
1173 1753 1295 1820 fuerint

217 1867 258 1932 ab
280 1867 437 1952 Apolline
461 1873 589 1933 servata
602 1871 632 1945 ³3
657 1874 837 1954 praestaret
849 1869 889 1934 de
900 1891 938 1934 ea
954 1890 988 1934 re
999 1867 1133 1933 omnino
1144 1867 1293 1933 tacuisse.

188 1964 330 2067 ''Etiam
362 1979 549 2064 columbae,
582 2001 639 2066 per
669 2001 749 2066 quas
773 1979 932 2045 nefarium
958 1979 1096 2046 Creiisae
1119 1980 1294 2046 consilium

217 2093 397 2179 detegitur,
433 2114 505 2158 meo
540 2115 637 2158 sensu
671 2093 802 2179 longius
833 2116 852 2158 a
880 2099 977 2179 poeta
1008 2100 1086 2157 sunt
1109 2089 1292 2158 arcessitae.

217 2208 257 2271 In
283 2206 413 2272 Electra
436 2226 564 2292 quoque
587 2206 810 2290 compluscula
831 2211 910 2272 sunt
922 2211 1121 2293 πανουργίας
1134 2205 1291 2292 exempla.

219 2321 330 2385 Primo
365 2319 436 2384 loco
469 2319 532 2385 huc
565 2319 666 2385 refero
699 2319 851 2386 heroinae
882 2318 1015 2386 fictitias
1047 2339 1122 2384 cum
1143 2319 1294 2404 Auturgo

217 2433 363 2519 nuptias.
405 2432 558 2519 Tragicae
589 2454 683 2518 porro
713 2433 870 2519 gravitati
898 2453 1013 2519 parum
1041 2439 1293 2498 consentaneam

217 2547 298 2612 duco
328 2552 430 2611 artem
460 2567 525 2631 qua
553 2545 811 2631 Agamemnonis
844 2546 939 2611 liberi
969 2550 1109 2611 utuntur
1133 2544 1294 2631 ut.Aegi-'

216 2661 328 2726 sthum
341 2660 557 2748 inprimisque
568 2660 862 2744 Clytaemnestram
875 2659 966 2725 nullo
979 2664 1150 2746 praesente
1162 2659 1295 2724 custode

216 2782 384 2860 occupent.
424 2775 538 2859 Neque
561 2774 655 2839 video
678 2795 734 2839 cur
757 2773 909 2856 cicatriX‚
926 2796 990 2859 qua
1001 2773 1089 2857 apud
1102 2772 1294 2858 Euripidem

217 2888 348 2956 Orestes
374 2889 524 2954 Electrae
539 2887 696 2972 notescit,
714 2894 884 2971 tantopere
899 2891 1043 2972 praestet
1062 2885 1224 2967 cincinno,
1238 2907 1293 2950 ve-

215 3001 324 3088 stigiis
346 3007 380 3066 et
400 3006 501 3083 veste,
526 3021 610 3086 quae
629 2999 661 3063 in
676 2998 813 3065 eundem
826 3020 921 3064 usum
935 2996 1290 3086 adhibuitAeschyluS,

215 3115 338 3193 idcirco
362 3114 403 3179 ab
428 3113 587 3198 Euripide
611 3112 729 3178 salsius
755 3134 852 3198 quam
871 3111 1004 3196 dignius
1022 3111 1147 3176 derisus
1160 3111 1181 3174 ⁴.
1209 3108 1295 3188 Quid

249 3257 257 3288 ¹
275 3257 311 3308 Ut
328 3257 355 3306 iu
371 3256 455 3307 Plaut.
471 3255 602 3320 Amphitr.
619 3269 656 3306 vs.
674 3256 723 3308 976
738 3270 775 3320 sq.
791 3257 892 3321 Jupiter
910 3255 1033 3320 loquitur:

407 3346 482 3395 Nunc
498 3351 527 3394 tu
543 3344 632 3394 divine
649 3344 684 3393 mi
701 3345 750 3394 huc
766 3343 806 3394 fac
823 3343 887 3395 adsis
904 3345 989 3403 Sosim

411 3435 480 3484 audis
496 3447 559 3498 qnae
575 3435 643 3492 dico,
661 3434 759 3484 tametsi
777 3449 893 3498 praesens
910 3449 960 3484 non
977 3435 1044 3484 ades.

215 3525 313 3575 Saltem
337 3524 379 3572 hic
403 3527 464 3574 deus
489 3524 644 3584 MercuriuS,
669 3539 717 3572 non
743 3539 803 3574 vero
819 3531 848 3574 ut
864 3525 890 3572 in
906 3523 1032 3588 Euripidis
1048 3525 1101 3574 loeo
1118 3523 1294 3573 homodicitur

212 3614 299 3664 audire
313 3628 328 3664 e
343 3613 480 3678 longinquo
495 3613 606 3663 divinum
623 3628 719 3663 vocem.

248 3701 259 3734 ²
274 3704 354 3753 Plane
370 3703 437 3752 aliud
454 3712 502 3763 est,
519 3718 596 3766 quum
613 3703 715 3753 Athene
732 3703 822 3753 dicitur
839 3703 955 3754 Orestem
972 3703 1012 3752 vel
1029 3703 1189 3766 elonginquo
1200 3703 1293 3761 audire,

214 3795 306 3845 Aesch.
329 3795 436 3843 Eumen.
454 3809 491 3843 vs.
508 3794 573 3853 297,
591 3794 651 3857 quie

525 3881 593 3931 κλύει
610 3881 634 3932 dl
655 3883 695 3929 nai
718 3881 848 3959 πρόσωθεν
867 3881 903 3930 ὢν
919 3881 984 3938 θεός.

247 3971 330 4022 ⁸Ion.
347 3986 384 4020 vs.
404 3971 578 4034 1391-13943
598 3971 767 4022 itas-14³6.

245 4063 255 4094 ⁴
273 4063 366 4112 Electr.
382 4076 420 4113 rs.
437 4062 577 4112 aus-546.
600 4061 711 4112 “Unicus
727 4068 815 4125 poetae
831 4074 919 4124 scopus
935 4066 974 4108 est
990 4059 1147 4124 Aeschylum
1164 4059 1292 4108 irridere.''

215 4153 381 4217 (Maagrave.)
407 4152 541 4216 Euripides
557 4151 680 4215 spectavit
696 4151 817 4214 Aeschyli
838 4151 864 4199 in
879 4149 1035 4213 choephoris
1052 4162 1142 4198 versus
1153 4148 1292 4198 los-180,

212 4245 357 4302 too-210,
381 4243 429 4293 231
448 4256 485 4306 sq.
512 4242 582 4290 Vere
594 4241 757 4312 §chlagelius
782 4240 867 4302 (Vorl.
883 4240 944 4289 fiber
960 4240 1038 4288 drsm.
1055 4241 1140 4289 Kunst
1155 4253 1180 4288 u.
1196 4239 1246 4290 Lit
1264 4237 1290 4287 1²

213 4349 238 4397 p.
253 4333 313 4395 235)
330 4332 426 4381 dehoc
438 4329 497 4394 joco
512 4346 601 4395 parum
617 4339 757 4394 opportuno
769 4329 896 4378 observat:
916 4328 971 4378 “die
982 4327 1194 4378 susdriicklichste
1208 4329 1291 4378 Riiclr·

213 4421 291 4471 “sicht
306 4421 353 4470 auf
365 4421 421 4470 eine
438 4422 516 4470 andra
532 4419 699 4483 Bahandlung
713 4419 840 4469 desselben
850 4417 1036 4482 Gegenstunder
1045 4417 1079 4466 ist
1089 4418 1133 4466 das
1145 4417 1291 4476 stdrendsta

214 4511 314 4560 “ichter
330 4510 419 4559 Possis
437 4509 579 4570 sremdeste,
597 4523 647 4559 was
664 4523 690 4557 es
707 4509 786 4572 geben
803 4507 895 4559 kann.''

1135 4601 1154 4658 4
