3284 5338
822 486 881 545 114

312 665 354 728 ab
381 663 537 748 Euripide
560 665 711 750 elegiacis
734 667 879 731 versibus
904 689 1074 752 expressa,
1099 667 1190 751 cujus
1216 669 1273 750 rei,
1291 691 1391 754 quion-

314 784 385 842 tum
407 779 545 858 scimus,
569 799 664 843 nemo
687 787 763 844 ante
785 801 859 844 eum
880 789 992 843 arrotor
1012 780 1177 862 extiterat,
1196 803 1300 866 neque
1319 793 1391 866 post

315 909 389 954 eum
430 891 601 976 quisquam
639 891 768 956 videtur
810 891 891 955 illud
925 899 1065 956 metrum
1101 894 1243 976 tragicae
1281 917 1393 959 scenae

318 1001 514 1068 adhibuisse.

361 1116 400 1179 Iu
436 1117 552 1182 iambis
585 1117 724 1203 denique
758 1117 933 1202 Euripides
960 1119 1045 1184 idem
1068 1119 1224 1183 novitatis
1250 1119 1393 1184 studium

318 1230 462 1294 ostendit
473 1229 560 1314 qaod
571 1229 667 1310 alibi,
680 1251 774 1314 aegre
788 1280 796 1311 ,
814 1235 852 1294 ut
866 1229 1012 1310 videtur,
1028 1230 1151 1294 ferente
1164 1229 1393 1314 Aristophane

318 1340 451 1406 difficile
490 1363 563 1407 vero
602 1365 642 1406 ex
680 1342 805 1408 levibus
851 1343 945 1407 modo
976 1341 1123 1427 vestigiis
1162 1342 1287 1426 aliquid
1318 1341 1395 1406 certi

318 1453 478 1537 colligere.
519 1453 586 1518 Vix
619 1455 705 1519 enim
731 1455 835 1520 ullum
859 1455 966 1519 locum
990 1455 1136 1520 invenias
1159 1456 1215 1520 ubi
1236 1461 1396 1520 structura

318 1567 387 1650 ejus
410 1567 629 1632 trimetrorom
648 1569 689 1634 ab
701 1569 919 1654 Aristophane
934 1569 1173 1653 perstringatur
1185 1569 1249 1633 nisi
1261 1569 1396 1634 fortasse

318 1679 510 1764 Thesmopb.
548 1702 594 1746 vs.
622 1683 686 1746 913
711 1704 757 1768 sq.
778 1683 797 1746 ¹.
832 1683 896 1747 Hic
919 1689 1027 1747 autem
1055 1683 1136 1746 mihi
1160 1683 1397 1766 deprehendere

318 1792 428 1857 videor
451 1793 625 1876 satyricam
650 1794 868 1860 imitationem
886 1795 1068 1858 iamborum
1085 1794 1267 1859 solutorum
1280 1795 1396 1881 quibus

323 1905 495 1990 Euripides
520 1907 704 1992 frequenter
725 1909 837 1973 utitur.
864 1908 996 1973 Scilicet
1022 1930 1123 1993 quum
1148 1931 1259 1974 versus
1275 1908 1398 1992 Sopho-

320 2017 408 2084 cleus
443 2019 525 2084 fluat
556 2042 636 2104 puro
666 2021 855 2086 simillimus
885 2021 996 2102 amni,
1026 2023 1141 2086 mixtis
1165 2023 1251 2086 inter
1274 2022 1398 2086 iambos

321 2133 473 2216 spondeis
510 2134 643 2216 multis,
684 2134 741 2199 sed
774 2156 839 2197 uon
865 2133 930 2198 nisi
951 2141 1046 2198 caute
1068 2141 1102 2198 et
1124 2156 1219 2217 parce
1243 2133 1396 2198 admissis

318 2245 454 2329 pedibus
490 2246 686 2330 trisyllabis,
723 2245 897 2330 Euripides
930 2247 1092 2310 aseveris
1116 2252 1247 2330 patrum
1271 2246 1399 2331 legibus

320 2357 378 2422 hac
412 2381 539 2444 quoque
575 2361 606 2423 in
644 2366 735 2444 parte
771 2360 851 2424 adeo
874 2359 1008 2424 recessit
1031 2367 1079 2444 nt,
1106 2361 1140 2422 in
1166 2360 1399 2443 posterioribus

320 2471 436 2536 saltem
470 2471 589 2536 fabulis
605 2473 638 2555 ⁹,
665 2472 779 2538 Oreste
803 2473 973 2558 inprimis,
998 2471 1154 2558 permulti
1177 2471 1276 2556 pedes
1302 2470 1400 2536 trium

321 2583 518 2666 syllabarum
530 2587 748 2668 inveniantur,
771 2586 969 2670 tribrachyes
980 2595 1004 2667 ⁸,
1018 2587 1140 2669 dactyli
1155 2587 1179 2668 ⁴,
1197 2587 1366 2670 anapaesti
1378 2594 1399 2648 ⁵.

366 2696 439 2760 Non
474 2703 525 2761 est
559 2701 644 2783 quod
678 2700 833 2764 miremur
865 2699 948 2762 hanc
980 2697 1149 2782 Euripidis
1174 2697 1402 2776 libertateuroe

321 2810 426 2874 dicam
461 2833 502 2874 an
535 2811 719 2895 licentiam,
755 2834 829 2877 cum
852 2833 892 2876 ex
915 2811 1028 2876 eodem
1046 2810 1137 2874 fonte
1160 2810 1293 2875 fluxerit
1315 2811 1402 2875 unde

322 2923 467 3007 profecta
498 2929 594 3007 suut,
627 2926 743 2989 sinon
768 2926 897 3007 omnia,
922 2933 956 2989 at
980 2924 1132 3009 pleraque
1155 2930 1241 2989 certe
1264 2946 1346 3009 quae
1370 2924 1403 2987 in

323 3058 359 3099 eo
383 3036 573 3120 reprehendi
596 3043 735 3120 possunt
758 3047 791 3101 et
801 3036 901 3102 bilem
918 3043 1162 3101 commoverunt
1178 3037 1402 3120 Aristophani.

325 3150 497 3234 Euripides
521 3151 625 3231 euim,
649 3151 705 3235 qui
727 3150 838 3235 potius
862 3151 973 3235 quales
985 3160 1078 3215 erant
1089 3150 1288 3234 depingebat
1299 3149 1405 3213 bomi-

323 3285 380 3326 nes
405 3283 502 3347 quam
526 3260 695 3338 elevebat,
717 3271 750 3326 et
773 3264 829 3347 qui
853 3267 946 3328 οἰκεῖα
967 3265 1135 3350 πράγματα
1158 3266 1339 3347 εἶςήγαγεν,
1355 3264 1406 3336 οἷς

324 3373 473 3461 χρώμεθ’,
495 3375 545 3448 οἷς
567 3371 754 3455 {strepat
777 3375 810 3437 in
844 3375 949 3439 verbis
974 3394 1101 3457 qnoque
1124 3373 1167 3436 ad
1190 3371 1292 3436 vitam
1315 3393 1405 3436 com-

325 3510 458 3552 munem
481 3490 613 3573 propius
637 3489 787 3554 accedere
810 3488 945 3552 studuit
975 3486 1068 3564 Quod
1089 3494 1248 3570 quantum
1268 3485 1408 3550 fortasse

326 3600 451 3665 confert
496 3600 537 3664 ad
570 3609 714 3664 exactam
758 3610 892 3664 naturae
936 3597 1172 3678 imitationem,
1212 3599 1407 3662 tantundem

358 3825 364 3854 ¹
384 3825 424 3874 Do
441 3823 556 3873 hocloco
570 3831 686 3887 ccmupto
702 3824 751 3872 vid.
767 3823 833 3872 infra
849 3824 876 3872 in
892 3823 1003 3885 catalogo
1019 3823 1175 3885 parodiarum
1192 3837 1250 3885 pag.
1271 3823 1325 3888 lat,

358 3912 369 3944 ²
385 3915 447 3964 Post
463 3912 637 3978 Olympiadem
653 3912 805 3962 LXXXIX.
1297 3903 1299 3910 '

361 4001 417 4052 ’E
436 4018 460 4066 g.
477 4003 560 4052 Oreat.
576 4018 613 4051 rs.
630 4003 691 4052 643:
708 3987 710 3990 ¹

556 4096 572 4140 ἃ
590 4092 610 4140 δ’
627 4093 719 4153 ἔλαβες
736 4091 848 4152 α’πόὸος1
867 4093 964 4154 πατρὸς
981 4090 1041 4152 ἐμοῦ
1058 4088 1150 4150 λαβὼν
1167 4089 1244 4152 πάρα.

363 4183 372 4211 ⁴
391 4183 419 4230 Ε.
437 4197 461 4244 g.
479 4181 561 4230 Orest.
577 4196 615 4230 vs.
632 4183 677 4230 25:

555 4274 571 4331 ἣ
589 4278 665 4320 πόσιν
681 4272 777 4335 ἀπείρῳ
795 4268 958 4333 περιβαλοῦσ’
976 4267 1111 4332 ὑφάσματι.

364 4361 430 4409 ‘Da
454 4363 592 4424 anapaestis
619 4362 762 4423 Euripideis
787 4362 837 4409 vid.
854 4360 886 4410 G.
908 4359 997 4408 Herm.
1013 4357 1075 4420 prol.
1092 4359 1123 4405 ad
1140 4357 1269 4406 Hecubam
1286 4365 1312 4405 et
1328 4357 1416 4406 Elem.

335 4452 421 4499 Doctr.
438 4451 511 4498 Matr.
529 4464 586 4514 pag.
605 4451 651 4499 ,119
669 4464 722 4512 sqq.

365 4539 375 4570 ⁶
392 4541 484 4589 Itunar.
501 4554 538 4586 vs.
554 4541 609 4590 959.
