3258 5328
834 444 875 505 60

321 627 440 693 versari
469 632 594 712 potest,
627 627 695 691 sive
719 647 848 691 summo
872 625 981 692 dolore
1005 626 1058 692 vcl
1082 631 1201 692 terrore
1225 626 1390 692 concutia-

320 747 384 822 tur,
417 739 486 804 sive
516 738 564 803 ira
597 731 812 804 excandescat¹
833 737 884 804 vol
907 737 1128 824 poenitentiae
1152 736 1298 804 stimulis
1322 738 1392 823 agi-

321 859 418 936 tetur,
451 874 617 939 nunquam
650 862 717 917 tarn
741 853 827 918 mala
849 852 880 918 ei
902 873 973 918 esse
995 858 1123 938 potest,
1149 852 1228 938 quin
1252 852 1392 938 aliquid,

320 967 349 1032 si
380 987 445 1031 non
478 966 581 1032 facete
613 973 651 1031 ut
685 966 787 1032 Siculi
811 971 894 1030 testo
918 965 1072 1031 Cicerone
1091 968 1111 1050 ¹,
1137 971 1172 1030 at
1195 964 1394 1031 sententiose

320 1079 416 1146 dicat.
455 1081 519 1146 Vel
553 1082 587 1146 in
622 1087 760 1147 mortem
783 1091 913 1147 ruentes
937 1081 1050 1148 heroas
1074 1088 1108 1147 et
1130 1081 1280 1147 heroinas
1304 1080 1393 1147 vides

320 1194 556 1280 aliquantisper
590 1195 708 1260 morari
737 1195 927 1281 priusquam
957 1194 1146 1280 relinquant
1176 1215 1323 1277 scenam,
1357 1200 1395 1258 ut

319 1306 413 1392 ῥῆσιν
445 1308 544 1373 edant
577 1308 617 1372 de
650 1308 737 1373 vitae
771 1307 929 1373 brevitate
961 1320 994 1373 et
1027 1307 1248 1373 inconstantia
1279 1305 1331 1372 vel
1354 1305 1395 1370 de

320 1419 445 1504 patriae
467 1440 575 1484 amore
599 1417 650 1484 vel
673 1419 714 1484 de
738 1418 839 1486 simili
862 1419 1013 1502 materie,
1039 1420 1080 1484 ad
1103 1420 1190 1484 locos
1207 1440 1394 1485 communes

321 1530 504 1596 referenda:
528 1530 675 1616 frigescit
688 1531 812 1596 interea
828 1531 956 1597 animus
970 1537 1198 1617 spectatorum.
1225 1531 1394 1612 Quomodo

322 1643 454 1710 tandem
468 1643 539 1709 fieri
551 1643 661 1729 potuit
677 1650 714 1709 ut
729 1644 827 1709 multi
842 1644 1048 1711 laudaverint
1063 1644 1145 1710 illud
1160 1645 1394 1710 sententiarum

322 1756 513 1842 aucupium!
563 1757 649 1822 Nam
678 1780 764 1854 nunc
795 1780 859 1823 non
892 1759 926 1823 id
955 1759 1138 1844 quaerimus
1163 1780 1270 1824 annon
1298 1756 1394 1823 dictis

322 1871 388 1937 illis
408 1871 610 1957 permultum
633 1872 837 1939 contineatur
859 1873 962 1938 bonae
985 1872 1104 1958 frugis;
1121 1873 1222 1936 immo
1238 1871 1395 1936 fateor-

322 1992 355 2051 et
378 1986 451 2072 quis
475 2006 540 2050 non
563 1983 725 2050 fateatur?
748 2023 788 2032 -
813 1985 869 2048 vix
893 1983 1075 2069 elegantius
1099 1989 1132 2049 et
1155 1984 1281 2049 acutius
1301 2005 1395 2068 prae-

322 2107 416 2186 cepta
441 2097 667 2184 philosophica
689 2097 829 2182 exprimi
851 2119 946 2183 posse
969 2119 1067 2183 quam
1090 2097 1213 2162 factum
1237 2104 1288 2163 est
1309 2097 1394 2162 mul-

322 2216 365 2281 tis
389 2215 468 2280 locis
493 2210 696 2296 Euripideis3
726 2211 782 2296 qui
805 2211 833 2276 si
856 2210 1014 2276 memoria
1037 2216 1219 2294 teneantur,
1244 2233 1309 2277 non
1332 2214 1395 2278 mi·

322 2348 434 2391 norem
466 2327 645 2391 utilitatem
675 2325 789 2390 afferre
819 2333 959 2410 possunt
982 2325 1137 2391 hodierno
1161 2326 1275 2391 lectori
1298 2349 1395 2412 quarn

322 2439 465 2524 antiquis
491 2438 694 2522 horninibus,
720 2438 775 2523 qui
800 2437 869 2522 ejus
886 2439 983 2504 verba
997 2439 1121 2523 passim
1135 2438 1170 2502 in
1181 2438 1249 2503 suis
1265 2439 1394 2524 scriptis

322 2551 502 2635 laudando,
533 2551 624 2616 mille
657 2558 691 2616 et
721 2551 861 2637 amplius
893 2551 1079 2637 fragmenta
1109 2573 1149 2616 ex
1181 2550 1250 2636 ejus
1275 2551 1395 2616 fabulis

321 2665 497 2750 deperditis
526 2664 683 2730 oblivioni
718 2665 914 2751 eripuerunt.
964 2665 1028 2733 Sed
1051 2687 1138 2730 nunc
1161 2665 1251 2732 aliud
1275 2667 1395 2754 dijudi-

322 2778 463 2844 candum
493 2783 559 2861 est,
593 2799 709 2862 nempe
737 2785 847 2843 utrum
872 2784 986 2857 noceat
1010 2776 1186 2864 tragoediis
1210 2779 1269 2845 illa
1291 2781 1396 2846 abun-

234 2891 237 2896 ’
322 2892 434 2958 dantia
469 2893 637 2958 doctorum
670 2893 984 2979 apophthegmatum
1006 2915 1129 2958 necne:
1158 2913 1218 2979 ego
1242 2913 1317 2957 vero
1345 2893 1396 2979 ajo

322 3014 355 3072 et
387 3008 551 3072 confirmo.
599 3007 648 3073 Ut
681 3007 776 3086 enim
802 3012 875 3073 utar
905 3007 1094 3073 Aristotelis
1121 3006 1245 3089 verbis,
1270 3007 1322 3070 ἐάν
1348 3036 1396 3082 τις

322 3120 430 3207 ἐφεξῆς
454 3121 494 3208 θῇ
507 3119 617 3207 ῥήσεις
639 3119 748 3196 ἠθικὰς
771 3126 819 3186 καὶ
838 3119 919 3196 λέξει
935 3125 983 3185 καὶ
1001 3117 1124 3205 διανοίᾳ
1136 3118 1167 3185 εὖ
1179 3125 1397 3202 πεποιημένας,

323 3236 361 3298 orl
393 3237 514 3308 ποιήσει
547 3233 565 3298 ὃ
598 3237 636 3308 ἦν
668 3243 723 3309 τῆς
754 3231 933 3320 τραγῳδίας
966 3231 1099 3318 ἔργων’.
1125 3270 1169 3279 -
1195 3231 1297 3296 Scena
1332 3254 1397 3297 non

323 3354 374 3412 est
401 3346 512 3412 schola
544 3346 601 3411 ubi
637 3347 792 3412 salutaria
824 3354 995 3432 praecepta
1029 3345 1147 3410 animis
1180 3344 1395 3428 inculcentur,

323 3459 485 3525 actoribus
521 3457 590 3524 vioe
630 3459 778 3544 magistri
813 3459 1045 3546 fungentibus,
1081 3458 1138 3523 sed
1173 3459 1275 3543 ipsius
1310 3459 1397 3524 vitae

323 3571 416 3658 quasi
440 3570 610 3655 speculum
633 3594 702 3637 esse
726 3579 853 3657 oportet
867 3572 898 3635 ³:
920 3571 954 3636 id
972 3571 1045 3655 jure
1067 3571 1250 3657 poscimus3
1275 3571 1398 3658 alioqui

323 3707 436 3771 operae
471 3683 611 3770 pretium
648 3707 713 3749 non
748 3692 817 3750 erat
850 3684 939 3750 adire
969 3685 1149 3766 theatrum,
1184 3707 1284 3770 quum
1308 3684 1397 3750 domi

324 3798 435 3864 liceret
456 3796 621 3883 perlegere
644 3798 776 3885 aliquod
800 3797 1014 3891 enchiridium
1039 3798 1079 3862 de
1102 3797 1197 3862 rebus
1220 3796 1397 3863 moralibus

323 3911 372 3977 vel
398 3910 633 3997 philosophicis
657 3913 837 3979 autetiam
861 3919 1036 3998 poetarum
1055 3912 1126 3977 loca
1149 3913 1277 3978 selecta.
1318 3911 1399 3975 Vita

324 4024 484 4091 imitanda
512 4032 545 4090 et
569 4027 779 4112 exprimenda
801 4034 868 4105 est3
893 4047 958 4090 non
983 4026 1069 4091 nude
1091 4025 1222 4110 quidem
1247 4033 1304 4090 aut
1328 4006 1399 4089 sine

325 4138 392 4203 ullo
423 4138 527 4202 colore
558 4145 591 4203 et
615 4144 747 4222 ornatu,
773 4141 829 4205 scd
853 4140 901 4203 ita
924 4146 1032 4204 tamen
1057 4147 1095 4203 ut
1119 4138 1202 4202 nihil
1226 4138 1399 4203 audiamus

358 4322 365 4352 ¹
399 4324 429 4372 In
447 4324 554 4372 Verrem
572 4325 620 4383 IV,
638 4328 677 4374 43.

357 4412 367 4444 ²
400 4411 506 4461 Aristot.
523 4423 587 4474 poet.
603 4416 626 4462 6.

357 4501 367 4532 ³
400 4500 429 4548 'H
447 4501 496 4565 γὰρ
514 4501 639 4577 mattulis
657 4505 760 4568 μίμησίς
779 4507 906 4554 iorem...
929 4503 996 4564 βίου,
1014 4501 1071 4550 ibid.
