3284 5338
809 427 871 490 110

345 609 394 678 De
427 610 478 678 bis
519 617 629 677 tamen
666 615 744 678 tunc
772 610 905 676 demum
928 631 1099 696 possemus
1125 609 1207 676 ferre
1232 631 1372 696 aequum

295 723 475 810 judicium,
511 725 540 790 si
574 725 683 790 minus
719 723 824 810 ignari
858 745 1003 790 essemus
1033 723 1202 790 modorum
1227 725 1269 789 ad
1290 745 1373 810 qnos

300 837 370 922 ejus
406 837 550 904 carmina
582 842 780 902 canerentur.
829 835 904 902 Non
940 837 1028 902 enim
1050 835 1268 902 dubitandum
1289 835 1374 900 mibi

300 951 428 1017 videtur
450 951 529 1038 quin
555 969 597 1015 ex
620 971 732 1016 recens
753 949 890 1016 mutatis
917 949 1045 1035 legibus
1060 951 1194 1016 musicis
1206 949 1374 1035 explican-

299 1065 378 1130 dum
402 1063 447 1130 sit
468 1062 621 1151 quioquid
646 1062 818 1148 Euripides
842 1062 877 1127 in
900 1063 1014 1128 metris
1037 1063 1174 1128 molitus
1189 1069 1240 1128 est
1256 1062 1332 1127 nori
1347 1062 1369 1126 ¹.

303 1177 356 1242 Sic
378 1183 488 1242 autem
511 1176 647 1242 devenio
669 1175 704 1240 in
728 1181 848 1240 terram
871 1175 1067 1241 salebrosam
1092 1181 1127 1241 et
1141 1175 1372 1260 caliginosam,

301 1309 359 1373 per
380 1286 473 1373 cnjus
496 1287 629 1354 semitas
651 1307 769 1372 parum
790 1286 932 1352 calcatas
957 1308 1017 1372 ego
1040 1287 1180 1372 vestigia
1202 1285 1284 1352 ferre
1306 1309 1374 1353 non

302 1400 449 1466 conabor.
476 1400 525 1466 De
547 1421 582 1464 re
604 1399 702 1485 longo
723 1399 957 1464 obscurissima
979 1407 1085 1465 tacere
1107 1421 1205 1484 quam
1223 1400 1374 1485 imperite

302 1514 392 1600 loqui
426 1513 529 1580 satius
566 1513 669 1596 duco,
701 1533 768 1578 non
801 1512 994 1597 difficulter,
1029 1519 1066 1578 ut
1101 1535 1210 1599 spero,
1244 1514 1373 1580 veniam

303 1629 554 1714 impetraturus,
593 1627 621 1692 si
655 1647 763 1692 meum
798 1625 985 1692 tirocinium
1020 1626 1188 1692 materiem
1212 1628 1374 1713 suscipere

303 1749 447 1824 veretur,
471 1740 513 1805 ad
537 1739 738 1826 quambene
762 1740 965 1806 tractandam
988 1739 1043 1804 vix
1066 1746 1100 1806 et
1122 1741 1230 1806 nevix
1243 1741 1374 1827 quidem

304 1875 433 1920 summa
454 1852 592 1919 eruditio
616 1852 766 1920 sufficiat
793 1853 906 1919 Unum
916 1852 1019 1919 habeo
1029 1853 1115 1938 qnod
1127 1853 1180 1919 bic
1194 1854 1373 1934 observem,

304 1966 556 2050 Aristophanem
591 1987 656 2031 non
689 1965 849 2031 minorem
883 1966 949 2031 vim
988 1965 1141 2032 tribuisse
1174 1965 1317 2032 musicae
1339 1964 1376 2028 in

305 2079 430 2145 civibus
464 2079 640 2144 educandis
675 2099 771 2165 quam
797 2078 987 2163 Platonem,
1012 2078 1068 2164 qni
1092 2078 1233 2164 negabat
1255 2075 1376 2142 mutari

305 2214 400 2278 posse
433 2193 572 2258 musicas
595 2191 682 2277 leges
709 2191 779 2256 sine
792 2191 982 2294 'mutatione
1002 2191 1113 2276 legum
1136 2190 1338 2275 publicarum
1350 2197 1373 2254 2.

308 2306 395 2372 Bene
417 2305 478 2372 boc
499 2306 604 2391 liquet
626 2327 666 2371 ex
688 2305 851 2390 praeclara
874 2304 932 2370 illa
951 2303 1042 2370 lusti
1059 2303 1163 2389 λόγου
1178 2305 1323 2370 oratioue
1341 2303 1378 2367 in

306 2419 453 2484 Nubinm
475 2417 604 2502 fabula,
630 2418 686 2484 ubi
710 2418 794 2484 inter
805 2440 843 2483 ea
854 2417 978 2503 quibus¹
986 2417 1195 2503 antiquorum
1206 2416 1377 2483 hominurn

307 2531 454 2598 educatio
488 2531 673 2616 praestabat
709 2531 848 2614 recenti,
884 2529 984 2595 etiarn
1017 2529 1142 2594 musica
1165 2529 1377 2595 severioribus

307 2645 428 2731 regulis
468 2643 624 2710 adstricta
661 2649 844 2710 recensetur
882 2643 921 2720 ἣν
963 2647 992 2710 οἱ
1028 2648 1157 2730 πατέρες
1194 2641 1378 2730 παρέδωκαν

309 2759 370 2842 (ve.
409 2758 472 2821 969
508 2762 614 2842 sqq.),
637 2779 738 2842 quum
761 2759 906 2840 κάμπτειν
937 2756 1006 2822 τινὰ
1037 2759 1159 2837 καμπὴν
1180 2776 1246 2820 uno
1268 2760 1379 2820 tenore

308 2869 434 2936 dicatur
457 2890 531 2934 cnm
554 2875 598 2955 τῷ
622 2869 912 2957 βωμολοχεύεσθαι.
955 2870 1059 2936 Unice
1080 2870 1229 2956 placebat
1256 2869 1379 2935 comico

310 2983 448 3068 simplex
472 2981 531 3047 illa
553 2981 724 3047 austeritas
756 2982 934 3066 priscorum
960 2983 1145 3068 modorum,
1171 2983 1227 3069 qui
1250 2984 1379 3049 subser-

309 3096 441 3161 viebaut
469 3093 649 3160 sententiae
684 3115 787 3180 neque
810 3095 909 3160 alium
935 3095 1131 3180 praebebant
1153 3117 1249 3161 usum
1281 3119 1379 3182 quarn

309 3317 401 3366 stante,
427 3313 572 3370 anapaestus
598 3313 713 3368 ponatur:
740 3330 1019 3376 αιι-η--ιιο--μ-1
1052 3307 1091 3359 Cf.
1116 3307 1148 3357 G.
1173 3310 1330 3359 Hermannns
1355 3312 1380 3359 in

309 3389 371 3438 libro
387 3388 418 3436 de
434 3386 524 3436 Matris
540 3385 585 3436 Gr.
601 3393 627 3435 et
643 3386 715 3436 Rom.
732 3385 870 3435 luculenter
886 3387 916 3434 de
932 3387 1057 3450 glycoueis
1076 3388 1186 3437 numeris
1202 3389 1339 3452 disputans,
1355 3399 1381 3439 ct

310 3477 359 3528 rid.
389 3476 502 3539 inprimis
526 3491 583 3540 pag.
609 3477 655 3526 231
679 3490 715 3539 sq.
753 3477 783 3525 In
810 3471 891 3525 Elem.
914 3478 1001 3528 Doctr.
1030 3479 1105 3528 Matr.
1129 3482 1230 3529 eandem
1254 3496 1306 3530 rem
1330 3493 1380 3533 tra·

310 3575 378 3616 ctaus
402 3566 465 3614 inter
480 3565 530 3614 alia
545 3565 640 3615 scribit:
666 3565 814 3628 “Euripides
829 3581 878 3629 quo
894 3583 1003 3631 quaeque
1025 3570 1146 3618 recentior
1163 3579 1200 3620 ast
1216 3571 1272 3633 ejus
1287 3573 1379 3622 fabula·

311 3661 396 3714 '‘rum,
418 3661 486 3704 tauto
507 3653 562 3717 plus
576 3653 689 3703 licentiae
709 3654 755 3703 sibi
772 3655 888 3704 indulsit'
906 3656 972 3720 (pag.
990 3657 1061 3720 52³„
1078 3658 1127 3708 rid.
1144 3659 1220 3710 etiam
1236 3659 1310 3724 hujus
1325 3661 1381 3711 libri

310 3763 366 3812 pag.
384 3747 433 3797 538
449 3761 484 3810 sq.

345 3839 351 3869 ¹
370 3837 402 3888 G.
426 3838 585 3887 Hormannus
609 3837 710 3900 Prolag.
735 3837 767 3886 ad
791 3838 919 3888 Hecubam
940 3853 996 3903 pag.
1018 3841 1048 3889 8:
1069 3841 1213 3904 “Euripidis
1229 3839 1337 3899 numeri,
1354 3841 1382 3889 in

311 3926 504 3977 “recentioribus
529 3926 681 3989 potissimum
706 3926 852 3990 tragoediis,
875 3927 997 3990 grarime
1021 3931 1111 3978 veteris
1131 3929 1238 3979 musicae
1256 3933 1383 3994 permira

312 4014 500 4064 “modulationis
527 4015 628 4064 artificia
651 4016 776 4076 dimoluru,
799 4016 826 4065 in
849 4031 907 4066 eam
927 4018 1072 4068 varietatem
1093 4026 1119 4068 ot
1128 4020 1253 4070 licentiam
1268 4020 1382 4071 diffluxe-

311 4110 386 4154 “runt
402 4105 444 4153 αι’·
461 4112 506 4154 etc.
524 4133 557 4140 —
573 4104 613 4156 Of.
630 4106 717 4156 Doctr.
733 4107 809 4156 Matr.
825 4121 885 4170 pag.
902 4109 950 4158 123
965 4123 1001 4172 sq.

345 4192 435 4242 ²P1at.
461 4193 524 4256 Rsp.
547 4193 596 4252 lv,
620 4208 677 4256 pag.
702 4195 751 4245 424
771 4195 805 4247 O:
826 4196 890 4254 εἶδος
906 4198 955 4262 γὰρ
973 4199 1062 4247 καινὸν
1077 4202 1196 4262 μουσικῆς
1213 4199 1384 4263 μεταβάλλειν

314 4279 477 4343 εὐλαβητέον,
502 4281 536 4338 ὡς
560 4281 588 4330 ἐν
612 4280 664 4346 ὅλῳ
690 4283 881 4334 κινδυνεύοντα
909 4284 1021 4349 οὐδαμοῦ
1046 4288 1094 4350 γὰρ
1120 4289 1247 4337 κινοῦνται
1264 4293 1384 4358 μουσικῆς

313 4370 402 4436 τρόποι
419 4370 479 4420 ἄνευ
496 4371 632 4420 πολιτικῶν
648 4372 732 4436 νόμον
748 4378 800 4423 τῶν
815 4374 947 4439 μεγίστων,
970 4375 1003 4433 ὥς
1020 4385 1078 4440 φησι
1093 4376 1187 4440 Δάμων
1201 4377 1244 4427 ’καλ
1261 4378 1308 4442 ἔγω
1327 4378 1385 4439 (So-

312 4461 400 4522 crates)
419 4459 542 4522 πείθομαι.
