3284 5338
852 455 912 516 100

344 639 453 704 omnia
481 662 533 705 me
563 639 694 722 fallunt,
718 660 814 705 causa
835 638 900 703 fuit
925 659 981 702 cur
1003 637 1147 723 prologis
1169 636 1329 702 utendum
1352 636 1418 702 sibi

342 775 413 818 esse
434 757 571 837 putaret
1071 797 1074 804 -

389 865 452 932 Sed
484 866 611 952 prologi
645 865 813 952 Euripidei
846 865 881 930 id
910 863 1071 949 peculiare
1093 864 1215 929 habent
1237 865 1323 950 quod
1350 887 1417 930 nou

343 979 440 1044 modo
471 979 617 1046 iudicant
646 1001 729 1066 quae
758 979 863 1062 facta,
897 978 954 1043 sed
977 977 1076 1042 etium
1099 1000 1181 1062 quae
1203 978 1315 1044 futura
1336 977 1414 1043 sint.

345 1091 416 1158 Hac
438 1093 568 1186 quidem
592 1093 626 1157 in
649 1114 683 1158 re
705 1113 809 1177 neque
832 1113 928 1177 quem
951 1090 1134 1156 imitaretur
1156 1091 1292 1175 invenit,
1312 1111 1418 1176 neque

344 1213 502 1291 quantum
515 1206 582 1272 seio
594 1211 723 1272 secutus
739 1226 814 1271 eum
829 1211 879 1272 est
890 1204 1071 1290 quisquam.
1099 1204 1201 1290 Saepe
1212 1205 1273 1270 hoc
1285 1205 1418 1270 nomine

344 1319 555 1404 reprehensus
579 1325 639 1402 est,
663 1339 764 1404 quum
788 1318 896 1384 minus
913 1319 1019 1384 valere
1038 1317 1080 1382 ad
1098 1318 1224 1382 animos
1240 1317 1417 1382 movendos

344 1437 527 1496 censeretur
548 1430 660 1496 sabula
682 1428 774 1515 cujus
797 1430 904 1496 exitus
923 1429 993 1514 jam
1018 1452 1036 1495 e
1055 1431 1189 1516 prologo
1210 1437 1306 1496 notus
1320 1434 1414 1496 esset

346 1542 527 1609 Defendere
560 1542 688 1608 studuit
710 1542 900 1627 Lessingius
919 1544 949 1626 ¹,
972 1542 1028 1628 qui
1051 1548 1147 1627 putat
1170 1543 1360 1628 Euripidem
1382 1543 1418 1606 id

344 1655 430 1722 bona
461 1656 502 1722 de
535 1677 633 1721 causa
665 1655 873 1741 consulteque
895 1654 1028 1739 fecisse,
1053 1655 1208 1719 nimirum
1231 1660 1268 1721 ut
1290 1660 1417 1741 speeta-

279 1796 283 1802 ·
346 1777 449 1850 tores,
468 1769 539 1854 jam
561 1766 637 1834 inde
659 1770 701 1834 ab
724 1767 818 1833 initio
841 1780 1008 1854 perspecta
1021 1774 1234 1855 καταστροφῇ,
1252 1769 1417 1853 potentius

345 1878 546 1946 afficerentur
568 1881 673 1967 priore
696 1881 851 1946 dramatis
864 1888 955 1966 parte
967 1903 1032 1967 qua
1045 1881 1230 1946 continetur
1240 1879 1415 1966 expositi03

344 2013 418 2058 vere
454 2014 548 2079 porro
580 1993 747 2075 observat,
786 1993 815 2058 si
849 1998 945 2058 notus
980 1992 1087 2058 exitus
1122 1999 1270 2077 noceret,
1298 1993 1417 2058 iterum

346 2127 459 2172 scenae
487 2105 695 2172 commissam
728 2104 873 2171 fabulam
902 2127 1069 2192 nunquam
1092 2105 1295 2191 placituram.
1341 2103 1416 2169 Non

345 2218 467 2284 invitus
501 2219 648 2305 equidem
678 2218 712 2282 in
741 2219 865 2303 judicio
900 2219 1062 2305 Lessingii
1095 2218 1281 2304 acquiesco,
1316 2238 1417 2302 quum

279 2385 286 2398 .
344 2332 534 2418 praesertim
557 2330 792 2417 Aristophanes
823 2331 905 2396 hano
932 2331 1058 2416 prologi
1081 2329 1251 2414 Euripidei
1273 2328 1415 2415 proprie-

344 2451 447 2512 tatem
480 2465 546 2509 non
578 2443 788 2529 vituperarit;
820 2443 916 2508 liceat
939 2465 1014 2529 ergo
1037 2458 1151 2528 poetae
1169 2443 1239 2527 jam
1262 2465 1282 2506 a
1303 2440 1417 2506 limine

344 2556 528 2642 significare
551 2556 785 2642 spectatoribus
809 2577 890 2642 quoe
913 2555 1064 2641 deinceps
1087 2564 1242 2621 eventura
1257 2554 1342 2632 sint3
1359 2555 1418 2619 sed

344 2689 512 2754 nunquam
544 2668 684 2734 adducar
717 2673 755 2733 ut
786 2668 989 2753 comprobem
1013 2667 1101 2753 ipsos
1124 2669 1274 2754 prologos
1299 2668 1416 2754 quibus

344 2781 516 2865 Euripides
554 2780 589 2844 id
621 2779 793 2845 consilium
829 2787 1016 2864 persecutus
1054 2786 1112 2846 est
1162 2781 1267 2846 Immo
1305 2783 1414 2867 potius

344 2893 524 2978 adstipulor
546 2892 776 2977 Aristophani,
801 2913 901 2978 quum
924 2891 1075 2968 ληκύθιον
1097 2915 1193 2958 suum
1216 2893 1321 2980 affigit
1338 2917 1413 2979 pro-

345 3007 457 3073 oemiis
481 3006 547 3071 illis
570 3005 698 3091 pumice
722 3005 926 3087 siccioribus,
943 3028 1015 3070 vere
1033 3005 1216 3072 somniferis
1234 3007 1412 3091 interdum,

377 3239 386 3271 ¹
403 3239 495 3290 Hamb.
510 3240 623 3289 Dramat.
639 3236 675 3286 nl.
691 3239 724 3288 48
739 3253 786 3302 sq:

268 3395 272 3402 ι
376 3329 444 3380 “Die
463 3328 587 3391 Riihrung
606 3326 645 3375 die
667 3341 695 3376 er
710 3327 908 3390 hervorbriugen
924 3327 1007 3377 wollte
1023 3329 1156 3392 verspraoh
1171 3343 1199 3378 er
1215 3330 1268 3379 rich
1284 3330 1354 3380 nicht
1370 3345 1415 3380 so-

348 3417 426 3467 “wohl
446 3431 495 3466 von
519 3417 576 3465 dem
600 3431 652 3465 mea
672 3416 813 3480 geschehen
835 3416 903 3466 sollte
922 3417 958 3466 als
974 3432 1023 3466 ron
1039 3418 1084 3467 der
1100 3418 1151 3467 Art
1167 3421 1214 3466 rote
1230 3432 1256 3468 es
1271 3418 1415 3482 geschohen

344 3493 456 3558 “sollrelf

376 3598 429 3646 “Ist
445 3611 471 3646 es
487 3595 555 3644 nicht
570 3597 652 3646 besser
667 3597 723 3646 dass
739 3597 785 3646 wir
800 3596 837 3647 sie
854 3597 903 3660 (res
918 3597 1013 3648 futuras
1029 3598 1155 3658 nimirum,
1171 3598 1217 3647 soli
1227 3597 1413 3661 numininotas)

344 3685 437 3736 “durch
452 3685 493 3734 die
508 3685 743 3736 Dazwischenkuult
759 3686 826 3734 eines
844 3685 929 3736 Gottes
946 3688 1037 3736 rorher
1053 3687 1181 3745 erfahren,
1201 3687 1237 3736 als
1252 3702 1299 3752 gar
1313 3687 1414 3737 nicht?''

376 3776 450 3826 Ridet
466 3787 542 3838 porro
558 3774 638 3838 Angli
656 3775 804 3825 Whiteheed
820 3776 905 3825 drama
920 3775 1040 3827 Oreiisam
1057 3781 1112 3825 “wo
1127 3776 1167 3825 ihr
1185 3777 1247 3826 alles
1266 3792 1316 3826 von
1330 3777 1413 3826 einem

343 3867 426 3916 “alten
446 3863 633 3929 plauderhafteu
647 3865 800 3916 Vertrauten
817 3865 911 3914 erlahrt
935 3867 983 3915 deu
1000 3866 1054 3916 eine
1070 3867 1247 3932 versehlagene
1264 3867 1414 3930 Zigeuuerin

342 3953 496 4018 “anssragt.”
514 3953 634 4015 (Quaeras
650 3962 743 4013 tamen,
760 3954 783 4002 si
797 3954 879 4018 Angli
898 3955 984 4003 drama
999 3953 1224 4020 Euripideolonge
1241 3955 1343 4004 iuferius
1360 3965 1414 4016 est,

343 4059 425 4094 aunon
440 4044 486 4093 hac
502 4057 552 4092 nna
567 4050 634 4092 certe
650 4043 675 4090 in
690 4054 760 4106 parte
777 4044 877 4106 Anglus
893 4043 1017 4094 Graecum
1033 4044 1140 4108 vicerit).

373 4133 488 4196 Denique
513 4132 560 4180 hoc
583 4131 679 4181 scribit:
704 4115 766 4181 “Es
777 4134 809 4182 ist
828 4133 883 4182 klar
899 4134 953 4182 dass
969 4133 1016 4182 alle
1035 4133 1078 4183 die*
1091 4133 1194 4193 Stiiclre,
1210 4134 1287 4183 deren
1303 4134 1413 4198 Prologe

343 4222 436 4272 “ihnen
452 4219 553 4283 (criticis
569 4219 668 4282 nempe)
685 4234 711 4268 so
728 4219 780 4270 viel
795 4220 946 4285 Aergerniss
962 4222 1079 4282 macheu,
1094 4222 1158 4271 such
1178 4224 1243 4272 ohne
1265 4223 1332 4272 diese
1349 4225 1412 4274 Pro·
1489 4244 1501 4268 ι

342 4312 416 4374 “loge
432 4311 602 4362 rollkommeu
618 4325 681 4374 ganz
697 4312 747 4359 und
766 4311 942 4382 rolllromm'en⁴
954 4313 1119 4364 verst'andlieh
1135 4313 1190 4363 sind
1195 4347 1266 4364 .....
1296 4313 1414 4382 Vergebt
1516 4363 1518 4368 .

342 4402 426 4449 “dem-
439 4401 544 4452 Dichter
567 4401 629 4450 doch
653 4400 741 4449 immer
763 4401 836 4450 einen
854 4402 947 4452 Fehler
963 4405 1008 4454 der
1023 4403 1069 4453 mit
1086 4404 1166 4454 elnam
1182 4404 1297 4468 einrigen
1313 4405 1413 4456 striche

343 4491 402 4538 “der
419 4489 500 4540 Feder
517 4501 562 4554 gut
579 4507 609 4542 zu
625 4490 728 4540 machon
744 4489 799 4539 ist.''
