3284 5338
751 472 791 533 87

228 657 262 722 in
286 679 324 722 ea
346 664 422 744 agat
445 663 562 742 partes.
589 656 701 742 Neque
725 656 826 722 mohs
850 657 956 722 solum
974 654 1127 720 mulieres
1151 653 1306 735 cantavit,

228 771 285 835 sed
317 770 417 836 etiam
448 770 628 856 permultas
651 768 795 854 virgines
819 777 852 836 et
876 789 991 834 uxores
1015 767 1230 834 admiratione
1254 765 1305 831 vel

227 882 435 950 miseratione
468 883 691 970 dignissimae.
728 882 802 948 Non
826 883 931 948 diram
954 882 1050 946 modo
1075 881 1129 966 (ut
1151 904 1167 947 e
1191 903 1303 966 super-

227 995 359 1061 stitibus
398 1001 527 1062 tantum
562 995 718 1062 dramatis
751 996 900 1082 exempla
926 995 1052 1081 petam)
1091 995 1239 1060 Medeam
1272 999 1304 1059 et

229 1109 409 1176 Phaedram
445 1109 593 1176 adultera
624 1109 758 1174 flamma
784 1110 950 1176 ardentem
977 1109 1073 1174 duxit
1095 1108 1130 1173 in
1155 1127 1304 1189 scenam,

229 1244 293 1288 non
318 1222 483 1288 Electram
507 1223 603 1287 modo
627 1222 788 1288 immitam
812 1222 902 1288 etin
927 1222 1006 1286 Ione
1029 1220 1185 1288 Oreiisam
1205 1221 1305 1288 scele-

229 1342 330 1417 stam,
355 1335 412 1400 sed
435 1336 535 1401 etiam
548 1334 756 1422 Iphigeniam
768 1335 941 1401 amabilem
952 1355 1131 1420 puramque
1142 1333 1303 1419 puellam,

229 1447 431 1531 Polyxenam
462 1470 652 1534 generosam
684 1448 790 1540 regiae
813 1447 930 1514 domus
952 1447 1114 1530 sobolem,
1140 1448 1305 1533 Megaram

228 1562 362 1648 dignam
399 1561 539 1628 Hercule
575 1562 709 1645 marito,
743 1561 918 1627 Macariam
956 1560 1116 1647 intrepide
1149 1562 1248 1627 morti
1271 1584 1306 1628 se

228 1673 434 1752 offerentem3
470 1696 536 1741 non
573 1675 732 1740 minorem
767 1673 801 1738 in
838 1674 1026 1741 Phoenissis
1059 1675 1191 1741 decante
1214 1675 1307 1741 nobie

212 1786 335 1872 ¹injicit
358 1788 410 1853 sui
433 1786 686 1853 misericordiam
711 1808 809 1874 quam
836 1787 1014 1872 Sophoclea
1037 1786 1113 1866 illa;
1137 1787 1305 1853 Alcestide

229 1923 294 1967 non
324 1907 433 1987 potest
455 1900 538 1987 fingi
560 1922 642 1966 uxor
665 1900 814 1986 conjugis
838 1900 1016 1979 amantium
1043 1900 1180 1966 Hecuba
1202 1901 1304 1967 siccos

229 2037 294 2081 non
328 2015 408 2081 sinit
441 2035 572 2081 manere
605 2014 735 2096 oculos,
769 2020 819 2079 et
838 2013 943 2099 magis
978 2015 1078 2079 etiam
1106 2020 1251 2080 moveret
1277 2015 1304 2078 si

119 2155 124 2166 ·
229 2127 396 2214 aliquanto
419 2127 529 2192 minus
553 2127 688 2193 verbosa
711 2132 797 2192 esset
819 2132 853 2191 et
875 2131 977 2192 atrox.
1002 2126 1192 2192 Absurdum
1204 2126 1306 2213 igitur

228 2241 264 2306 si
279 2239 402 2327 tragico
425 2239 576 2326 objicitur
598 2241 685 2329 quod
709 2240 893 2326 Penelopen
919 2245 1043 2306 castam
1069 2262 1135 2306 non
1162 2240 1303 2306 celebra·
1365 2319 1368 2325 ¹

229 2355 283 2438 rit,
297 2354 478 2420 Phaedram
502 2356 777 2442 Menalippenque
793 2353 976 2440 impudicas
1000 2353 1209 2421 celebraverit
1227 2363 1247 2436 ¹,
1272 2361 1306 2420 et

229 2468 323 2534 illum
354 2475 439 2534 certe
475 2469 880 2554 Thesmophorianusarum
919 2469 1027 2534 locum
1062 2490 1240 2534 annumero
1264 2469 1304 2533 iis

229 2582 488 2648 accusationibus
512 2604 591 2669 quas
613 2583 681 2649 sive
693 2582 823 2665 Attica,
840 2604 921 2669 quae
937 2581 983 2646 ibi
992 2581 1156 2668 loquitur,
1170 2581 1304 2664 mulier,

230 2695 297 2761 sive
333 2694 403 2782 ipse
436 2695 671 2783 Aristophanes
706 2702 826 2763 temere
849 2695 884 2760 in
909 2694 1100 2780 Euripidem
1118 2694 1258 2780 jactavit
1272 2703 1303 2771 Ξ;

230 2831 307 2875 nam
332 2809 361 2875 si
380 2809 421 2876 de
430 2831 497 2876 nna
509 2809 672 2896 Penelope
684 2810 804 2895 tacuit,
817 2816 852 2875 at
867 2809 951 2876 aliae
961 2810 1144 2896 complures
1157 2809 1305 2895 egregiae

230 2922 381 2987 heroinae
404 2921 473 3007 ejus
498 2923 673 3008 tragoediis
698 2923 820 3014 debent
848 2922 969 2988 famam
993 2921 1211 2986 immortalem
1227 2931 1249 2985 ³.

263 3173 269 3202 ¹
304 3171 457 3235 Thesmoph.
473 3186 509 3220 vs.
527 3173 576 3221 546
594 3187 659 3235 sqq‚z

296 3311 300 3320 ,
344 3241 471 3320 ,ἐπίτηδες
488 3259 608 3323 εὑρίσκων
624 3260 729 3324 λόγους,
750 3257 817 3306 ὅπου
834 3259 899 3323 γυνὴ
918 3259 1018 3320 πονηρὰ

358 3348 469 3414 ἐγένετο,
488 3349 662 3404 Μελανίππας
680 3352 761 3395 ποιῶν
778 3347 890 3410 Φαίδρας
908 3359 947 3394 τε·
966 3347 1119 3406 Πηνελόπην
1136 3347 1159 3396 δὲ

360 3439 490 3488 οὐπώποτ’
509 3439 615 3500 ἐποίησ“,
633 3438 671 3488 ὅτι
689 3438 753 3502 γυνὴ
770 3437 875 3502 σώφρων
892 3436 977 3490 ἔδοξεν
994 3438 1065 3486 εἶναι.

262 3529 272 3560 ²
305 3529 375 3590 Quae
400 3527 475 3576 etiarn
500 3534 537 3574 ast
561 3526 645 3590 opinio
662 3525 694 3575 K.
713 3524 744 3576 0.
761 3525 864 3574 Mulleri
882 3525 972 3576 Gesch.
990 3527 1033 3573 der
1051 3523 1096 3575 Gr.
1115 3525 1165 3574 Lit.
1183 3525 1225 3583 ΙΙ,
1247 3527 1303 3574 Ι46ε

230 3621 308 3670 “Man
324 3620 391 3668 kann
409 3617 462 3667 sich
479 3617 592 3674 denken,
609 3617 656 3664 wie
674 3615 756 3666 viclcn
773 3617 882 3666 Austoss
898 3616 951 3666 dias
960 3616 1146 3666 Herrcrzichcn
1154 3616 1199 3665 der
1207 3617 1305 3666 Frauen

230 3716 290 3760 “ans
306 3710 351 3759 der
368 3707 508 3757 htuslichan
525 3707 724 3770 Beschr'r'snknng
742 3708 792 3756 und
811 3707 1091 3771 Zuriiclrgeaogcnheit,
1109 3707 1135 3754 in
1152 3706 1260 3754 welchar
1270 3706 1306 3755 sie

229 3801 271 3848 “in
295 3799 383 3868 Athen
407 3797 499 3856 lamen,
527 3797 609 3860 geben
634 3803 738 3854 musstc;
756 3781 816 3846 aber
834 3813 860 3847 cs
876 3798 954 3848 hcisst
970 3798 1026 3846 darn
1044 3796 1176 3859 Euripides
1193 3795 1306 3844 Unracht

228 3889 307 3939 “thau
332 3902 404 3937 wcnn
429 3900 488 3935 man
512 3887 568 3944 ihu,
595 3885 643 3934 urie
668 3885 851 3948 Aristophanes
868 3885 957 3949 pilcgt,
975 3901 1006 3933 nu
1023 3885 1097 3934 einen
1114 3885 1305 3934 Weibcrhasser

227 3977 339 4036 &maha
365 3975 434 4025 seina
458 3975 677 4038 Bahandlungaart
701 3975 758 4024 thut
780 3975 828 4023 den
846 3975 945 4025 Eraucn
963 3974 1117 4038 wenigstens
1134 3975 1196 4023 eben
1212 3988 1239 4022 so
1256 3973 1305 4022 viel

231 4069 315 4120 “Ehre
331 4067 379 4117 wie
395 4067 518 4119 Schmarh
534 4067 590 4116 cn.''
608 4094 640 4104 —
657 4066 719 4124 Vid.
736 4067 810 4116 ctiam
827 4067 885 4116 ibid.
902 4082 959 4130 pag.
976 4069 1033 4119 247.

264 4161 274 4190 ³
308 4158 392 4210 Aliter
405 4157 565 4222 judicatura
580 4151 763 4216 Mommsem,>
774 4156 815 4219 qui
833 4157 859 4204 in
876 4155 965 4206 ultimo
981 4157 1060 4220 capite
1077 4155 1150 4220 primi
1167 4153 1228 4204 tomi
1244 4169 1304 4202 suae

231 4249 355 4299 Historiae
380 4249 509 4300 Romanae
525 4245 725 4308 elegantissime,
748 4245 793 4294 etsi
809 4259 854 4308 pro
871 4261 915 4294 suo
931 4245 1033 4296 consilio
1049 4245 1167 4303 breuiter,
1184 4245 1214 4292 de
1232 4242 1304 4292 Enri-

232 4338 289 4401 pide
305 4338 439 4396 disserens,
457 4337 492 4385 ita
514 4334 600 4384 scribit
619 4334 668 4394 (ed.
685 4343 771 4383 sextae
788 4351 844 4399 pag.
862 4337 933 4400 908):
967 4337 1033 4385 “Dic
1050 4335 1304 4396 Schilderungcnucr

232 4425 326 4489 “willig
342 4425 491 4475 sterbenden
501 4424 649 4488 Polyxena,
666 4425 710 4472 dcr
727 4439 771 4472 vor
793 4425 934 4488 gehaimem
950 4424 1111 4488 Liebasgram
1127 4423 1303 4486 vergahendan

234 4515 376 4573 “Phaedra‚
394 4530 439 4564 vor
455 4514 528 4564 aliem
545 4514 584 4564 dic
601 4513 753 4577 prachtuolle
771 4517 815 4564 der
832 4515 950 4579 mystisch
965 4511 1305 4566 verziclrteuBakchcnsind
