<?xml version="1.0" encoding="UTF-8"?>
<!DOCTYPE html PUBLIC "-//W3C//DTD XHTML 1.0 Transitional//EN"
    "http://www.w3.org/TR/xhtml1/DTD/xhtml1-transitional.dtd">
<html xmlns="http://www.w3.org/1999/xhtml" xml:lang="en" lang="en">
 <head>
  <title>
</title>
<meta http-equiv="Content-Type" content="text/html;charset=utf-8" />
  <meta name='ocr-system' content='tesseract 3.04.00' />
  <meta name='ocr-capabilities' content='ocr_page ocr_carea ocr_par ocr_line ocrx_word'/>
</head>
<body>
  <div class='ocr_page' id='page_1' title='image "./specimenliterar00leeugoog_0106.png"; bbox 0 0 3284 5338; ppageno 0'>
   <div class='ocr_carea' id='block_1_1' title="bbox 795 462 836 524">
    <p class='ocr_par' dir='ltr' id='par_1_1' title="bbox 795 462 836 524">
     <span class='ocr_line' id='line_1_1' title="bbox 795 462 836 524; baseline 0.049 -2"><span class='ocrx_word' id='word_1_1' title='bbox 795 462 836 524; x_wconf 81' lang='lat'><strong>93</strong></span> 
     </span>
    </p>
   </div>
   <div class='ocr_carea' id='block_1_2' title="bbox 265 644 1350 845">
    <p class='ocr_par' dir='ltr' id='par_1_2' title="bbox 265 644 1350 845">
     <span class='ocr_line' id='line_1_2' title="bbox 265 644 1350 734; baseline -0.004 -22"><span class='ocrx_word' id='word_1_2' title='bbox 265 673 346 717; x_wconf 83' lang='lat' dir='ltr'><strong>mus</strong></span> <span class='ocrx_word' id='word_1_3' title='bbox 387 647 616 734; x_wconf 79' lang='lat' dir='ltr'><strong>Dicaeopoliu,</strong></span> <span class='ocrx_word' id='word_1_4' title='bbox 649 644 798 732; x_wconf 87' lang='lat' dir='ltr'><strong>equidem</strong></span> <span class='ocrx_word' id='word_1_5' title='bbox 834 667 899 710; x_wconf 91' lang='lat' dir='ltr'><strong>non</strong></span> <span class='ocrx_word' id='word_1_6' title='bbox 933 644 1038 710; x_wconf 86' lang='lat' dir='ltr'><strong>ausim</strong></span> <span class='ocrx_word' id='word_1_7' title='bbox 1075 645 1251 724; x_wconf 84' lang='lat' dir='ltr'><strong>affirmarc3</strong></span> <span class='ocrx_word' id='word_1_8' title='bbox 1292 644 1350 711; x_wconf 86' lang='lat' dir='ltr'><strong>sed</strong></span> 
     </span>
     <span class='ocr_line' id='line_1_3' title="bbox 272 758 1348 845; baseline -0.007 -14"><span class='ocrx_word' id='word_1_9' title='bbox 272 772 311 830; x_wconf 87' lang='lat' dir='ltr'><strong>ut</strong></span> <span class='ocrx_word' id='word_1_10' title='bbox 346 765 532 830; x_wconf 84' lang='lat' dir='ltr'><strong>dramatum</strong></span> <span class='ocrx_word' id='word_1_11' title='bbox 564 758 806 844; x_wconf 82' lang='lat' dir='ltr'><strong>deperditorum</strong></span> <span class='ocrx_word' id='word_1_12' title='bbox 841 759 954 824; x_wconf 86' lang='lat' dir='ltr'><strong>heroas</strong></span> <span class='ocrx_word' id='word_1_13' title='bbox 990 760 1181 844; x_wconf 65' lang='lat' dir='ltr'><strong>mutumne,</strong></span> <span class='ocrx_word' id='word_1_14' title='bbox 1212 781 1348 845; x_wconf 89' lang='lat' dir='ltr'><strong>quorum</strong></span> 
     </span>
    </p>
   </div>
   <div class='ocr_carea' id='block_1_3' title="bbox 209 1009 1349 3935">
    <p class='ocr_par' dir='ltr' id='par_1_3' title="bbox 271 1009 1349 1344">
     <span class='ocr_line' id='line_1_4' title="bbox 271 1009 1349 1076; baseline -0.002 -14"><span class='ocrx_word' id='word_1_15' title='bbox 271 1012 431 1076; x_wconf 83' lang='lat' dir='ltr'><strong>imperfecte,</strong></span> <span class='ocrx_word' id='word_1_16' title='bbox 448 1013 481 1060; x_wconf 91' lang='lat' dir='ltr'><strong>da</strong></span> <span class='ocrx_word' id='word_1_17' title='bbox 496 1009 559 1058; x_wconf 89' lang='lat' dir='ltr'><strong>mlhi</strong></span> <span class='ocrx_word' id='word_1_18' title='bbox 575 1009 665 1068; x_wconf 89' lang='lat' dir='ltr'><strong>etiam,</strong></span> <span class='ocrx_word' id='word_1_19' title='bbox 682 1023 730 1073; x_wconf 88' lang='lat' dir='ltr'><strong>quo</strong></span> <span class='ocrx_word' id='word_1_20' title='bbox 746 1017 821 1072; x_wconf 86' lang='lat' dir='ltr'><strong>ceput</strong></span> <span class='ocrx_word' id='word_1_21' title='bbox 837 1009 971 1069; x_wconf 85' lang='lat' dir='ltr'><strong>instruam,</strong></span> <span class='ocrx_word' id='word_1_22' title='bbox 988 1011 1099 1075; x_wconf 82' lang='lat' dir='ltr'><strong>Mysium</strong></span> <span class='ocrx_word' id='word_1_23' title='bbox 1120 1010 1248 1074; x_wconf 89' lang='lat' dir='ltr'><strong>pileolum.</strong></span> <span class='ocrx_word' id='word_1_24' title='bbox 1282 1012 1349 1061; x_wconf 87' lang='lat' dir='ltr'><strong>Nam</strong></span> 
     </span>
     <span class='ocr_line' id='line_1_5' title="bbox 272 1099 1349 1166; baseline -0.004 -14"><span class='ocrx_word' id='word_1_25' title='bbox 272 1103 364 1152; x_wconf 86' lang='lat' dir='ltr'><strong>“hodie</strong></span> <span class='ocrx_word' id='word_1_26' title='bbox 379 1107 478 1166; x_wconf 79' lang='lat' dir='ltr'><strong>oportet</strong></span> <span class='ocrx_word' id='word_1_27' title='bbox 494 1114 535 1149; x_wconf 89' lang='lat' dir='ltr'><strong>me</strong></span> <span class='ocrx_word' id='word_1_28' title='bbox 552 1099 660 1149; x_wconf 88' lang='lat' dir='ltr'><strong>mendici</strong></span> <span class='ocrx_word' id='word_1_29' title='bbox 676 1099 785 1162; x_wconf 88' lang='lat' dir='ltr'><strong>speciem</strong></span> <span class='ocrx_word' id='word_1_30' title='bbox 802 1113 902 1163; x_wconf 84' lang='lat' dir='ltr'><strong>gerere;</strong></span> <span class='ocrx_word' id='word_1_31' title='bbox 919 1113 973 1149; x_wconf 87' lang='lat' dir='ltr'><strong>esse</strong></span> <span class='ocrx_word' id='word_1_32' title='bbox 989 1101 1091 1164; x_wconf 90' lang='lat' dir='ltr'><strong>quidem</strong></span> <span class='ocrx_word' id='word_1_33' title='bbox 1107 1101 1150 1164; x_wconf 89' lang='lat' dir='ltr'><strong>qui</strong></span> <span class='ocrx_word' id='word_1_34' title='bbox 1167 1115 1234 1159; x_wconf 91' lang='lat' dir='ltr'><strong>snm,</strong></span> <span class='ocrx_word' id='word_1_35' title='bbox 1246 1102 1349 1150; x_wconf 88' lang='lat' dir='ltr'><strong>sednon</strong></span> 
     </span>
     <span class='ocr_line' id='line_1_6' title="bbox 273 1188 1349 1254; baseline -0.003 -13"><span class='ocrx_word' id='word_1_36' title='bbox 273 1191 380 1251; x_wconf 85' lang='lat' dir='ltr'><strong>videri&#39;&#39;;</strong></span> <span class='ocrx_word' id='word_1_37' title='bbox 405 1197 552 1254; x_wconf 72' lang='lat' dir='ltr'>spectatores</span> <span class='ocrx_word' id='word_1_38' title='bbox 576 1189 677 1252; x_wconf 89' lang='lat' dir='ltr'><strong>quidem</strong></span> <span class='ocrx_word' id='word_1_39' title='bbox 700 1188 763 1237; x_wconf 88' lang='lat' dir='ltr'><strong>scire</strong></span> <span class='ocrx_word' id='word_1_40' title='bbox 787 1188 831 1252; x_wconf 91' lang='lat' dir='ltr'><strong>qui</strong></span> <span class='ocrx_word' id='word_1_41' title='bbox 853 1189 913 1247; x_wconf 90' lang='lat' dir='ltr'><strong>sim,</strong></span> <span class='ocrx_word' id='word_1_42' title='bbox 929 1190 971 1238; x_wconf 87' lang='lat' dir='ltr'><strong>sed</strong></span> <span class='ocrx_word' id='word_1_43' title='bbox 987 1189 1115 1240; x_wconf 81' lang='lat' dir='ltr'><strong>choreutas</strong></span> <span class='ocrx_word' id='word_1_44' title='bbox 1132 1189 1235 1240; x_wconf 88' lang='lat' dir='ltr'><strong>stolidos</strong></span> <span class='ocrx_word' id='word_1_45' title='bbox 1252 1191 1349 1239; x_wconf 87' lang='lat' dir='ltr'><strong>adstare</strong></span> 
     </span>
     <span class='ocr_line' id='line_1_7' title="bbox 272 1278 501 1344; baseline -0.013 -14"><span class='ocrx_word' id='word_1_46' title='bbox 272 1288 297 1330; x_wconf 89' lang='lat' dir='ltr'><strong>et</strong></span> <span class='ocrx_word' id='word_1_47' title='bbox 313 1296 329 1330; x_wconf 87' lang='lat' dir='ltr'><strong>a</strong></span> <span class='ocrx_word' id='word_1_48' title='bbox 344 1294 385 1330; x_wconf 90' lang='lat' dir='ltr'><strong>mc</strong></span> <span class='ocrx_word' id='word_1_49' title='bbox 400 1278 501 1344; x_wconf 54' lang='lat' dir='ltr'><strong>deludi„</strong></span> 
     </span>
    </p>

    <p class='ocr_par' dir='ltr' id='par_1_4' title="bbox 306 1365 1271 1430">
     <span class='ocr_line' id='line_1_8' title="bbox 306 1365 1271 1430; baseline -0.002 -11"><span class='ocrx_word' id='word_1_50' title='bbox 306 1371 371 1419; x_wconf 71' lang='lat' dir='ltr'><strong>Bur.</strong></span> <span class='ocrx_word' id='word_1_51' title='bbox 398 1369 471 1419; x_wconf 88' lang='lat' dir='ltr'><strong>Dabo</strong></span> <span class='ocrx_word' id='word_1_52' title='bbox 488 1367 548 1422; x_wconf 80' lang='lat' dir='ltr'><strong>tibi.</strong></span> <span class='ocrx_word' id='word_1_53' title='bbox 564 1366 762 1430; x_wconf 87' lang='lat' dir='ltr'><strong>quandoquidem</strong></span> <span class='ocrx_word' id='word_1_54' title='bbox 778 1372 880 1415; x_wconf 83' lang='lat' dir='ltr'><strong>versuta</strong></span> <span class='ocrx_word' id='word_1_55' title='bbox 897 1375 982 1417; x_wconf 91' lang='lat' dir='ltr'><strong>mente</strong></span> <span class='ocrx_word' id='word_1_56' title='bbox 999 1367 1099 1417; x_wconf 84' lang='lat' dir='ltr'><strong>subtilia</strong></span> <span class='ocrx_word' id='word_1_57' title='bbox 1114 1365 1271 1417; x_wconf 86' lang='lat' dir='ltr'><strong>machinaris.</strong></span> 
     </span>
    </p>

    <p class='ocr_par' dir='ltr' id='par_1_5' title="bbox 269 1455 1347 1613">
     <span class='ocr_line' id='line_1_9' title="bbox 306 1455 1347 1522; baseline -0.007 -10"><span class='ocrx_word' id='word_1_58' title='bbox 306 1463 365 1512; x_wconf 81' lang='lat' dir='ltr'><strong>Die.</strong></span> <span class='ocrx_word' id='word_1_59' title='bbox 398 1462 458 1511; x_wconf 86' lang='lat' dir='ltr'><strong>Non</strong></span> <span class='ocrx_word' id='word_1_60' title='bbox 473 1461 597 1510; x_wconf 80' lang='lat' dir='ltr'><strong>minorem</strong></span> <span class='ocrx_word' id='word_1_61' title='bbox 613 1458 660 1507; x_wconf 89' lang='lat' dir='ltr'><strong>tibi</strong></span> <span class='ocrx_word' id='word_1_62' title='bbox 677 1465 737 1521; x_wconf 90' lang='lat' dir='ltr'><strong>opto</strong></span> <span class='ocrx_word' id='word_1_63' title='bbox 753 1456 896 1507; x_wconf 74' lang='lat' dir='ltr'><strong>felicitatem</strong></span> <span class='ocrx_word' id='word_1_64' title='bbox 918 1473 992 1522; x_wconf 87' lang='lat' dir='ltr'><strong>qnam</strong></span> <span class='ocrx_word' id='word_1_65' title='bbox 1008 1457 1098 1522; x_wconf 85' lang='lat' dir='ltr'><strong>obtigit</strong></span> <span class='ocrx_word' id='word_1_66' title='bbox 1114 1455 1234 1520; x_wconf 79' lang='lat' dir='ltr'><strong>Telepho.</strong></span> <span class='ocrx_word' id='word_1_67' title='bbox 1267 1457 1347 1520; x_wconf 81' lang='lat' dir='ltr'><strong>Euge,</strong></span> 
     </span>
     <span class='ocr_line' id='line_1_10' title="bbox 269 1546 1319 1613; baseline -0.007 -12"><span class='ocrx_word' id='word_1_68' title='bbox 269 1550 323 1613; x_wconf 82' lang='lat' dir='ltr'><strong>jam</strong></span> <span class='ocrx_word' id='word_1_69' title='bbox 339 1552 450 1600; x_wconf 84' lang='lat' dir='ltr'><strong>redundo</strong></span> <span class='ocrx_word' id='word_1_70' title='bbox 467 1548 562 1598; x_wconf 89' lang='lat' dir='ltr'><strong>voculis</strong></span> <span class='ocrx_word' id='word_1_71' title='bbox 578 1547 654 1611; x_wconf 89' lang='lat' dir='ltr'><strong>aptis.</strong></span> <span class='ocrx_word' id='word_1_72' title='bbox 686 1546 737 1597; x_wconf 87' lang='lat' dir='ltr'><strong>Sed</strong></span> <span class='ocrx_word' id='word_1_73' title='bbox 753 1560 815 1610; x_wconf 82' lang='lat' dir='ltr'><strong>egeo</strong></span> <span class='ocrx_word' id='word_1_74' title='bbox 831 1547 911 1596; x_wconf 83' lang='lat' dir='ltr'><strong>buculi</strong></span> <span class='ocrx_word' id='word_1_75' title='bbox 926 1548 1024 1611; x_wconf 85' lang='lat' dir='ltr'><strong>qualem</strong></span> <span class='ocrx_word' id='word_1_76' title='bbox 1040 1553 1126 1597; x_wconf 87' lang='lat' dir='ltr'><strong>tenent</strong></span> <span class='ocrx_word' id='word_1_77' title='bbox 1142 1546 1319 1596; x_wconf 86' lang='lat' dir='ltr'><strong>mendicantes.</strong></span> 
     </span>
    </p>

    <p class='ocr_par' dir='ltr' id='par_1_6' title="bbox 305 1635 1000 1702">
     <span class='ocr_line' id='line_1_11' title="bbox 305 1635 1000 1702; baseline -0.003 -13"><span class='ocrx_word' id='word_1_78' title='bbox 305 1641 370 1689; x_wconf 77' lang='lat' dir='ltr'><strong>Eur.</strong></span> <span class='ocrx_word' id='word_1_79' title='bbox 398 1641 439 1689; x_wconf 83' lang='lat' dir='ltr'><strong>En</strong></span> <span class='ocrx_word' id='word_1_80' title='bbox 455 1639 539 1702; x_wconf 88' lang='lat' dir='ltr'><strong>accipe</strong></span> <span class='ocrx_word' id='word_1_81' title='bbox 555 1643 581 1687; x_wconf 84' lang='lat' dir='ltr'><strong>ct</strong></span> <span class='ocrx_word' id='word_1_82' title='bbox 598 1635 710 1686; x_wconf 86' lang='lat' dir='ltr'><strong>auferte</strong></span> <span class='ocrx_word' id='word_1_83' title='bbox 727 1652 742 1684; x_wconf 87' lang='lat' dir='ltr'><strong>a</strong></span> <span class='ocrx_word' id='word_1_84' title='bbox 757 1637 862 1702; x_wconf 88' lang='lat' dir='ltr'><strong>lapideis</strong></span> <span class='ocrx_word' id='word_1_85' title='bbox 879 1637 1000 1700; x_wconf 84' lang='lat' dir='ltr'><strong>postibus.</strong></span> 
     </span>
    </p>

    <p class='ocr_par' dir='ltr' id='par_1_7' title="bbox 270 1723 1347 1971">
     <span class='ocr_line' id='line_1_12' title="bbox 305 1723 1347 1788; baseline -0.005 -11"><span class='ocrx_word' id='word_1_86' title='bbox 305 1729 365 1778; x_wconf 80' lang='lat' dir='ltr'><strong>Dic.</strong></span> <span class='ocrx_word' id='word_1_87' title='bbox 398 1727 421 1779; x_wconf 91' lang='lat'>0</span> <span class='ocrx_word' id='word_1_88' title='bbox 437 1727 548 1787; x_wconf 66' lang='lat' dir='ltr'><strong>anime‘,</strong></span> <span class='ocrx_word' id='word_1_89' title='bbox 564 1725 648 1774; x_wconf 75' lang='lat' dir='ltr'><strong>viden&#39;</strong></span> <span class='ocrx_word' id='word_1_90' title='bbox 666 1731 695 1774; x_wconf 90' lang='lat' dir='ltr'><strong>ut</strong></span> <span class='ocrx_word' id='word_1_91' title='bbox 712 1724 816 1775; x_wconf 85' lang='lat' dir='ltr'><strong>aedibus</strong></span> <span class='ocrx_word' id='word_1_92' title='bbox 833 1727 965 1785; x_wconf 82' lang='lat' dir='ltr'><strong>extrudar,</strong></span> <span class='ocrx_word' id='word_1_93' title='bbox 981 1726 1076 1776; x_wconf 86' lang='lat' dir='ltr'><strong>multae</strong></span> <span class='ocrx_word' id='word_1_94' title='bbox 1091 1725 1171 1774; x_wconf 87' lang='lat' dir='ltr'><strong>adhuc</strong></span> <span class='ocrx_word' id='word_1_95' title='bbox 1187 1723 1347 1788; x_wconf 84' lang='lat' dir='ltr'><strong>supellectilis</strong></span> 
     </span>
     <span class='ocr_line' id='line_1_13' title="bbox 270 1813 1347 1880; baseline -0.006 -14"><span class='ocrx_word' id='word_1_96' title='bbox 270 1819 376 1880; x_wconf 83' lang='lat' dir='ltr'><strong>expers?</strong></span> <span class='ocrx_word' id='word_1_97' title='bbox 408 1817 483 1866; x_wconf 87' lang='lat' dir='ltr'><strong>Nunc</strong></span> <span class='ocrx_word' id='word_1_98' title='bbox 505 1829 568 1879; x_wconf 92' lang='lat' dir='ltr'><strong>opus</strong></span> <span class='ocrx_word' id='word_1_99' title='bbox 594 1816 642 1865; x_wconf 88' lang='lat' dir='ltr'><strong>erit</strong></span> <span class='ocrx_word' id='word_1_100' title='bbox 665 1814 802 1879; x_wconf 85' lang='lat' dir='ltr'><strong>pertinacia</strong></span> <span class='ocrx_word' id='word_1_101' title='bbox 829 1824 854 1865; x_wconf 89' lang='lat' dir='ltr'><strong>et</strong></span> <span class='ocrx_word' id='word_1_102' title='bbox 876 1814 1038 1879; x_wconf 76' lang='lat' dir='ltr'><strong>impudentiu-</strong></span> <span class='ocrx_word' id='word_1_103' title='bbox 1073 1813 1218 1879; x_wconf 81' lang='lat' dir='ltr'><strong>Enripides,</strong></span> <span class='ocrx_word' id='word_1_104' title='bbox 1235 1815 1267 1864; x_wconf 86' lang='lat' dir='ltr'><strong>de</strong></span> <span class='ocrx_word' id='word_1_105' title='bbox 1285 1813 1347 1862; x_wconf 93' lang='lat' dir='ltr'><strong>mihi</strong></span> 
     </span>
     <span class='ocr_line' id='line_1_14' title="bbox 271 1904 808 1971; baseline -0.009 -14"><span class='ocrx_word' id='word_1_106' title='bbox 271 1907 406 1971; x_wconf 71' lang='lat' dir='ltr'><strong>sportulam</strong></span> <span class='ocrx_word' id='word_1_107' title='bbox 421 1912 549 1969; x_wconf 83' lang='lat' dir='ltr'><strong>perustam</strong></span> <span class='ocrx_word' id='word_1_108' title='bbox 566 1904 666 1954; x_wconf 86' lang='lat' dir='ltr'><strong>flamma</strong></span> <span class='ocrx_word' id='word_1_109' title='bbox 681 1904 808 1955; x_wconf 89' lang='lat' dir='ltr'><strong>lucernae.</strong></span> 
     </span>
    </p>

    <p class='ocr_par' dir='ltr' id='par_1_8' title="bbox 305 1973 1048 2057">
     <span class='ocr_line' id='line_1_15' title="bbox 305 1973 1048 2057; baseline -0.007 -12"><span class='ocrx_word' id='word_1_110' title='bbox 305 1997 370 2045; x_wconf 71' lang='lat' dir='ltr'><strong>Iler.</strong></span> <span class='ocrx_word' id='word_1_111' title='bbox 397 1995 460 2056; x_wconf 85' lang='lat' dir='ltr'><strong>Quis</strong></span> <span class='ocrx_word' id='word_1_112' title='bbox 476 2008 549 2053; x_wconf 85' lang='lat' dir='ltr'><strong>vere,</strong></span> <span class='ocrx_word' id='word_1_113' title='bbox 565 1993 689 2057; x_wconf 85' lang='lat' dir='ltr'><strong>improbe,</strong></span> <span class='ocrx_word' id='word_1_114' title='bbox 706 1994 834 2057; x_wconf 76' lang='lat' dir='ltr'><strong>sportulae</strong></span> <span class='ocrx_word' id='word_1_115' title='bbox 849 1973 894 2044; x_wconf 83' lang='lat' dir='ltr'><strong>tibi</strong></span> <span class='ocrx_word' id='word_1_116' title='bbox 911 2008 968 2043; x_wconf 91' lang='lat' dir='ltr'><strong>neus</strong></span> <span class='ocrx_word' id='word_1_117' title='bbox 985 1994 1048 2044; x_wconf 82' lang='lat' dir='ltr'><strong>erit?</strong></span> 
     </span>
    </p>

    <p class='ocr_par' dir='ltr' id='par_1_9' title="bbox 304 2083 850 2144">
     <span class='ocr_line' id='line_1_16' title="bbox 304 2083 850 2144; baseline 0 -9"><span class='ocrx_word' id='word_1_118' title='bbox 304 2086 363 2134; x_wconf 85' lang='lat' dir='ltr'><strong>Die.</strong></span> <span class='ocrx_word' id='word_1_119' title='bbox 396 2085 500 2144; x_wconf 87' lang='lat' dir='ltr'><strong>Nullus,</strong></span> <span class='ocrx_word' id='word_1_120' title='bbox 517 2085 561 2133; x_wconf 89' lang='lat' dir='ltr'><strong>sed</strong></span> <span class='ocrx_word' id='word_1_121' title='bbox 577 2091 662 2134; x_wconf 83' lang='lat' dir='ltr'><strong>temen</strong></span> <span class='ocrx_word' id='word_1_122' title='bbox 677 2083 768 2133; x_wconf 85' lang='lat' dir='ltr'><strong>hebere</strong></span> <span class='ocrx_word' id='word_1_123' title='bbox 785 2083 850 2135; x_wconf 81' lang='lat' dir='ltr'><strong>volo.</strong></span> 
     </span>
    </p>

    <p class='ocr_par' dir='ltr' id='par_1_10' title="bbox 305 2173 828 2223">
     <span class='ocr_line' id='line_1_17' title="bbox 305 2173 828 2223; baseline -0.002 0"><span class='ocrx_word' id='word_1_124' title='bbox 305 2175 370 2223; x_wconf 72' lang='lat' dir='ltr'><strong>Iler.</strong></span> <span class='ocrx_word' id='word_1_125' title='bbox 397 2173 534 2222; x_wconf 85' lang='lat' dir='ltr'><strong>Molestum</strong></span> <span class='ocrx_word' id='word_1_126' title='bbox 551 2187 605 2223; x_wconf 91' lang='lat' dir='ltr'><strong>esse</strong></span> <span class='ocrx_word' id='word_1_127' title='bbox 621 2179 646 2222; x_wconf 89' lang='lat' dir='ltr'><strong>te</strong></span> <span class='ocrx_word' id='word_1_128' title='bbox 665 2173 734 2222; x_wconf 88' lang='lat' dir='ltr'><strong>scito.</strong></span> <span class='ocrx_word' id='word_1_129' title='bbox 767 2173 828 2223; x_wconf 88' lang='lat' dir='ltr'><strong>Abi.</strong></span> 
     </span>
    </p>

    <p class='ocr_par' dir='ltr' id='par_1_11' title="bbox 305 2245 1160 2325">
     <span class='ocr_line' id='line_1_18' title="bbox 305 2245 1160 2325; baseline 0.002 -13"><span class='ocrx_word' id='word_1_130' title='bbox 305 2264 364 2314; x_wconf 79' lang='lat' dir='ltr'><strong>Dio.</strong></span> <span class='ocrx_word' id='word_1_131' title='bbox 397 2262 466 2325; x_wconf 80' lang='lat' dir='ltr'>Phy!</span> <span class='ocrx_word' id='word_1_132' title='bbox 484 2261 544 2312; x_wconf 89' lang='lat' dir='ltr'><strong>Sors</strong></span> <span class='ocrx_word' id='word_1_133' title='bbox 559 2270 602 2311; x_wconf 87' lang='lat' dir='ltr'><strong>tua</strong></span> <span class='ocrx_word' id='word_1_134' title='bbox 617 2269 669 2312; x_wconf 88' lang='lat' dir='ltr'><strong>tam</strong></span> <span class='ocrx_word' id='word_1_135' title='bbox 685 2263 757 2311; x_wconf 88' lang='lat' dir='ltr'><strong>beata</strong></span> <span class='ocrx_word' id='word_1_136' title='bbox 773 2245 896 2325; x_wconf 67' lang='lat' dir='ltr'><strong>sit&#39;quem</strong></span> <span class='ocrx_word' id='word_1_137' title='bbox 912 2263 973 2312; x_wconf 90' lang='lat' dir='ltr'><strong>olim</strong></span> <span class='ocrx_word' id='word_1_138' title='bbox 989 2263 1078 2312; x_wconf 84' lang='lat' dir='ltr'><strong>matris</strong></span> <span class='ocrx_word' id='word_1_139' title='bbox 1093 2271 1160 2314; x_wconf 84' lang='lat' dir='ltr'><strong>tues.</strong></span> 
     </span>
    </p>

    <p class='ocr_par' dir='ltr' id='par_1_12' title="bbox 305 2353 634 2414">
     <span class='ocr_line' id='line_1_19' title="bbox 305 2353 634 2414; baseline -0.006 -12"><span class='ocrx_word' id='word_1_140' title='bbox 305 2353 368 2404; x_wconf 67' lang='lat' dir='ltr'><strong>Eur.</strong></span> <span class='ocrx_word' id='word_1_141' title='bbox 396 2353 470 2401; x_wconf 82' lang='lat' dir='ltr'><strong>Nunc</strong></span> <span class='ocrx_word' id='word_1_142' title='bbox 485 2353 584 2414; x_wconf 87' lang='lat' dir='ltr'><strong>proripe</strong></span> <span class='ocrx_word' id='word_1_143' title='bbox 599 2358 634 2400; x_wconf 88' lang='lat' dir='ltr'><strong>te.</strong></span> 
     </span>
    </p>

    <p class='ocr_par' dir='ltr' id='par_1_13' title="bbox 304 2439 1001 2505">
     <span class='ocr_line' id='line_1_20' title="bbox 304 2439 1001 2505; baseline -0.003 -13"><span class='ocrx_word' id='word_1_144' title='bbox 304 2444 364 2492; x_wconf 82' lang='lat' dir='ltr'><strong>Die.</strong></span> <span class='ocrx_word' id='word_1_145' title='bbox 397 2442 446 2494; x_wconf 86' lang='lat' dir='ltr'><strong>Sed</strong></span> <span class='ocrx_word' id='word_1_146' title='bbox 461 2439 526 2491; x_wconf 84' lang='lat' dir='ltr'><strong>&#39;adde</strong></span> <span class='ocrx_word' id='word_1_147' title='bbox 542 2441 568 2490; x_wconf 89' lang='lat' dir='ltr'><strong>id</strong></span> <span class='ocrx_word' id='word_1_148' title='bbox 583 2456 675 2490; x_wconf 83' lang='lat' dir='ltr'><strong>unum:</strong></span> <span class='ocrx_word' id='word_1_149' title='bbox 692 2440 810 2505; x_wconf 83' lang='lat' dir='ltr'><strong>pocillum</strong></span> <span class='ocrx_word' id='word_1_150' title='bbox 827 2455 872 2491; x_wconf 85' lang='lat' dir='ltr'><strong>ore</strong></span> <span class='ocrx_word' id='word_1_151' title='bbox 888 2441 1001 2492; x_wconf 86' lang='lat' dir='ltr'><strong>defracta.</strong></span> 
     </span>
    </p>

    <p class='ocr_par' dir='ltr' id='par_1_14' title="bbox 304 2530 1345 2595">
     <span class='ocr_line' id='line_1_21' title="bbox 304 2530 1345 2595; baseline -0.003 -12"><span class='ocrx_word' id='word_1_152' title='bbox 304 2534 369 2584; x_wconf 73' lang='lat' dir='ltr'><strong>mr.</strong></span> <span class='ocrx_word' id='word_1_153' title='bbox 396 2532 449 2582; x_wconf 87' lang='lat' dir='ltr'><strong>Abi</strong></span> <span class='ocrx_word' id='word_1_154' title='bbox 464 2531 491 2580; x_wconf 92' lang='lat' dir='ltr'><strong>in</strong></span> <span class='ocrx_word' id='word_1_155' title='bbox 507 2531 598 2580; x_wconf 87' lang='lat' dir='ltr'><strong>malam</strong></span> <span class='ocrx_word' id='word_1_156' title='bbox 614 2545 667 2580; x_wconf 89' lang='lat' dir='ltr'><strong>rem</strong></span> <span class='ocrx_word' id='word_1_157' title='bbox 684 2544 741 2579; x_wconf 92' lang='lat' dir='ltr'><strong>cum</strong></span> <span class='ocrx_word' id='word_1_158' title='bbox 757 2530 860 2594; x_wconf 88' lang='lat' dir='ltr'><strong>pocill0;</strong></span> <span class='ocrx_word' id='word_1_159' title='bbox 876 2531 978 2595; x_wconf 85' lang='lat' dir='ltr'><strong>negotia</strong></span> <span class='ocrx_word' id='word_1_160' title='bbox 988 2531 1052 2580; x_wconf 90' lang='lat' dir='ltr'><strong>mihi</strong></span> <span class='ocrx_word' id='word_1_161' title='bbox 1060 2531 1274 2582; x_wconf 71' lang='lat' dir='ltr'><strong>faccmisindomc</strong></span> <span class='ocrx_word' id='word_1_162' title='bbox 1282 2545 1345 2581; x_wconf 90' lang='lat' dir='ltr'><strong>mea.</strong></span> 
     </span>
    </p>

    <p class='ocr_par' dir='ltr' id='par_1_15' title="bbox 271 2620 1346 2775">
     <span class='ocr_line' id='line_1_22' title="bbox 304 2620 1346 2684; baseline -0.001 -12"><span class='ocrx_word' id='word_1_163' title='bbox 304 2623 363 2673; x_wconf 80' lang='lat' dir='ltr'><strong>Dic.</strong></span> <span class='ocrx_word' id='word_1_164' title='bbox 396 2624 435 2672; x_wconf 84' lang='lat' dir='ltr'><strong>At</strong></span> <span class='ocrx_word' id='word_1_165' title='bbox 451 2621 529 2670; x_wconf 89' lang='lat' dir='ltr'><strong>nescis</strong></span> <span class='ocrx_word' id='word_1_166' title='bbox 545 2635 591 2684; x_wconf 88' lang='lat' dir='ltr'><strong>per</strong></span> <span class='ocrx_word' id='word_1_167' title='bbox 603 2621 695 2671; x_wconf 85' lang='lat' dir='ltr'><strong>Jovem</strong></span> <span class='ocrx_word' id='word_1_168' title='bbox 711 2627 832 2684; x_wconf 82' lang='lat' dir='ltr'><strong>quantum</strong></span> <span class='ocrx_word' id='word_1_169' title='bbox 847 2620 901 2684; x_wconf 91' lang='lat' dir='ltr'><strong>ipse</strong></span> <span class='ocrx_word' id='word_1_170' title='bbox 917 2621 978 2671; x_wconf 89' lang='lat' dir='ltr'><strong>mali</strong></span> <span class='ocrx_word' id='word_1_171' title='bbox 994 2621 1077 2672; x_wconf 79' lang='lat' dir='ltr'><strong>facies.</strong></span> <span class='ocrx_word' id='word_1_172' title='bbox 1094 2648 1126 2659; x_wconf 91' lang='lat'>—</span> <span class='ocrx_word' id='word_1_173' title='bbox 1139 2622 1263 2674; x_wconf 86' lang='lat' dir='ltr'><strong>Omellite</strong></span> <span class='ocrx_word' id='word_1_174' title='bbox 1271 2621 1346 2672; x_wconf 78' lang='lat' dir='ltr'><strong>Euri·</strong></span> 
     </span>
     <span class='ocr_line' id='line_1_23' title="bbox 271 2709 1136 2775; baseline 0.002 -14"><span class='ocrx_word' id='word_1_175' title='bbox 271 2713 346 2775; x_wconf 88' lang='lat' dir='ltr'><strong>pides,</strong></span> <span class='ocrx_word' id='word_1_176' title='bbox 362 2710 409 2763; x_wconf 89' lang='lat' dir='ltr'><strong>hoc</strong></span> <span class='ocrx_word' id='word_1_177' title='bbox 425 2726 503 2760; x_wconf 92' lang='lat' dir='ltr'><strong>unum</strong></span> <span class='ocrx_word' id='word_1_178' title='bbox 519 2711 600 2760; x_wconf 86' lang='lat' dir='ltr'><strong>adhuc</strong></span> <span class='ocrx_word' id='word_1_179' title='bbox 615 2710 648 2760; x_wconf 81' lang='lat' dir='ltr'><strong>de</strong></span> <span class='ocrx_word' id='word_1_180' title='bbox 663 2710 735 2770; x_wconf 91' lang='lat' dir='ltr'><strong>mihi,</strong></span> <span class='ocrx_word' id='word_1_181' title='bbox 750 2709 851 2760; x_wconf 84' lang='lat' dir='ltr'><strong>ollulam</strong></span> <span class='ocrx_word' id='word_1_182' title='bbox 869 2711 975 2775; x_wconf 84' lang='lat' dir='ltr'><strong>spongia</strong></span> <span class='ocrx_word' id='word_1_183' title='bbox 991 2711 1136 2763; x_wconf 86' lang='lat' dir='ltr'><strong>obturetam.</strong></span> 
     </span>
    </p>

    <p class='ocr_par' dir='ltr' id='par_1_16' title="bbox 209 2798 1346 3211">
     <span class='ocr_line' id='line_1_24' title="bbox 307 2798 1346 2864; baseline -0.001 -15"><span class='ocrx_word' id='word_1_184' title='bbox 307 2800 369 2850; x_wconf 70' lang='lat' dir='ltr'><strong>liro.</strong></span> <span class='ocrx_word' id='word_1_185' title='bbox 396 2800 454 2850; x_wconf 89' lang='lat' dir='ltr'><strong>Vae</strong></span> <span class='ocrx_word' id='word_1_186' title='bbox 469 2798 541 2858; x_wconf 90' lang='lat' dir='ltr'><strong>mihi,</strong></span> <span class='ocrx_word' id='word_1_187' title='bbox 556 2800 679 2864; x_wconf 84' lang='lat' dir='ltr'><strong>integram</strong></span> <span class='ocrx_word' id='word_1_188' title='bbox 695 2799 851 2864; x_wconf 86' lang='lat' dir='ltr'><strong>tragoediam</strong></span> <span class='ocrx_word' id='word_1_189' title='bbox 867 2799 931 2849; x_wconf 85' lang='lat' dir='ltr'><strong>mihi</strong></span> <span class='ocrx_word' id='word_1_190' title='bbox 946 2801 1028 2851; x_wconf 88' lang='lat' dir='ltr'><strong>tolles!</strong></span> <span class='ocrx_word' id='word_1_191' title='bbox 1046 2801 1124 2852; x_wconf 91' lang='lat' dir='ltr'><strong>Sume</strong></span> <span class='ocrx_word' id='word_1_192' title='bbox 1140 2801 1241 2852; x_wconf 79' lang='lat' dir='ltr'><strong>ollulam</strong></span> <span class='ocrx_word' id='word_1_193' title='bbox 1257 2801 1346 2851; x_wconf 79' lang='lat' dir='ltr'><strong>elabi.</strong></span> 
     </span>
     <span class='ocr_line' id='line_1_25' title="bbox 209 2891 1345 2957; baseline -0.001 -16"><span class='ocrx_word' id='word_1_194' title='bbox 209 2921 212 2928; x_wconf 93' lang='lat'>·</span> <span class='ocrx_word' id='word_1_195' title='bbox 303 2891 363 2940; x_wconf 81' lang='lat' dir='ltr'><strong>Die.</strong></span> <span class='ocrx_word' id='word_1_196' title='bbox 396 2891 457 2941; x_wconf 84' lang='lat' dir='ltr'><strong>Jam</strong></span> <span class='ocrx_word' id='word_1_197' title='bbox 481 2891 552 2939; x_wconf 87' lang='lat' dir='ltr'><strong>abeo.</strong></span> <span class='ocrx_word' id='word_1_198' title='bbox 584 2891 740 2954; x_wconf 84' lang='lat' dir='ltr'><strong>Quamquam</strong></span> <span class='ocrx_word' id='word_1_199' title='bbox 761 2891 820 2955; x_wconf 88' lang='lat' dir='ltr'><strong>quid</strong></span> <span class='ocrx_word' id='word_1_200' title='bbox 837 2895 926 2956; x_wconf 82' lang='lat' dir='ltr'><strong>egam?</strong></span> <span class='ocrx_word' id='word_1_201' title='bbox 942 2906 1001 2942; x_wconf 91' lang='lat' dir='ltr'><strong>nam</strong></span> <span class='ocrx_word' id='word_1_202' title='bbox 1017 2893 1109 2957; x_wconf 77' lang='lat' dir='ltr'><strong>aliquid</strong></span> <span class='ocrx_word' id='word_1_203' title='bbox 1124 2893 1266 2952; x_wconf 83' lang='lat' dir='ltr'><strong>etiamnunc</strong></span> <span class='ocrx_word' id='word_1_204' title='bbox 1282 2893 1345 2942; x_wconf 91' lang='lat' dir='ltr'><strong>desi-</strong></span> 
     </span>
     <span class='ocr_line' id='line_1_26' title="bbox 270 2979 1345 3046; baseline 0.001 -16"><span class='ocrx_word' id='word_1_205' title='bbox 270 2980 342 3040; x_wconf 88' lang='lat' dir='ltr'><strong>dero,</strong></span> <span class='ocrx_word' id='word_1_206' title='bbox 366 2982 431 3043; x_wconf 88' lang='lat' dir='ltr'><strong>quod</strong></span> <span class='ocrx_word' id='word_1_207' title='bbox 455 2979 503 3028; x_wconf 88' lang='lat' dir='ltr'><strong>nisi</strong></span> <span class='ocrx_word' id='word_1_208' title='bbox 527 2995 663 3045; x_wconf 85' lang='lat' dir='ltr'><strong>consequar</strong></span> <span class='ocrx_word' id='word_1_209' title='bbox 683 2981 759 3045; x_wconf 77' lang='lat' dir='ltr'><strong>perii3</strong></span> <span class='ocrx_word' id='word_1_210' title='bbox 780 2981 904 3040; x_wconf 85' lang='lat' dir='ltr'><strong>ausculta,</strong></span> <span class='ocrx_word' id='word_1_211' title='bbox 925 2995 941 3029; x_wconf 89' lang='grc' dir='ltr'>ο</span> <span class='ocrx_word' id='word_1_212' title='bbox 957 2981 1052 3032; x_wconf 88' lang='lat' dir='ltr'><strong>mellite</strong></span> <span class='ocrx_word' id='word_1_213' title='bbox 1068 2982 1213 3046; x_wconf 61' lang='lat' dir='ltr'><strong>Euripidem</strong></span> <span class='ocrx_word' id='word_1_214' title='bbox 1229 2983 1276 3032; x_wconf 88' lang='lat' dir='ltr'><strong>hoc</strong></span> <span class='ocrx_word' id='word_1_215' title='bbox 1292 2991 1345 3032; x_wconf 85' lang='lat' dir='ltr'><strong>ten·</strong></span> 
     </span>
     <span class='ocr_line' id='line_1_27' title="bbox 269 3069 1345 3135; baseline 0.002 -16"><span class='ocrx_word' id='word_1_216' title='bbox 269 3072 396 3120; x_wconf 86' lang='lat' dir='ltr'><strong>tummodo</strong></span> <span class='ocrx_word' id='word_1_217' title='bbox 420 3069 442 3118; x_wconf 87' lang='lat' dir='ltr'><strong>si</strong></span> <span class='ocrx_word' id='word_1_218' title='bbox 462 3069 644 3132; x_wconf 82' lang='lat' dir='ltr'><strong>impetravero,</strong></span> <span class='ocrx_word' id='word_1_219' title='bbox 661 3070 733 3120; x_wconf 86' lang='lat' dir='ltr'><strong>abibo</strong></span> <span class='ocrx_word' id='word_1_220' title='bbox 749 3085 799 3122; x_wconf 88' lang='lat' dir='ltr'><strong>non</strong></span> <span class='ocrx_word' id='word_1_221' title='bbox 819 3070 956 3119; x_wconf 89' lang='lat' dir='ltr'><strong>rediturus:</strong></span> <span class='ocrx_word' id='word_1_222' title='bbox 973 3069 1001 3118; x_wconf 91' lang='lat' dir='ltr'><strong>in</strong></span> <span class='ocrx_word' id='word_1_223' title='bbox 1017 3071 1152 3135; x_wconf 88' lang='lat' dir='ltr'><strong>sportulam</strong></span> <span class='ocrx_word' id='word_1_224' title='bbox 1168 3084 1258 3135; x_wconf 88' lang='lat' dir='ltr'><strong>quaeso</strong></span> <span class='ocrx_word' id='word_1_225' title='bbox 1274 3072 1345 3121; x_wconf 85' lang='lat' dir='ltr'><strong>indae</strong></span> 
     </span>
     <span class='ocr_line' id='line_1_28' title="bbox 269 3160 591 3211; baseline 0.003 -1"><span class='ocrx_word' id='word_1_226' title='bbox 269 3161 383 3210; x_wconf 91' lang='lat' dir='ltr'><strong>nonnihil</strong></span> <span class='ocrx_word' id='word_1_227' title='bbox 398 3161 473 3210; x_wconf 88' lang='lat' dir='ltr'><strong>oleris</strong></span> <span class='ocrx_word' id='word_1_228' title='bbox 489 3160 591 3211; x_wconf 87' lang='lat' dir='ltr'><strong>flaccidi.</strong></span> 
     </span>
    </p>

    <p class='ocr_par' dir='ltr' id='par_1_17' title="bbox 302 3249 927 3314">
     <span class='ocr_line' id='line_1_29' title="bbox 302 3249 927 3314; baseline -0.003 -14"><span class='ocrx_word' id='word_1_229' title='bbox 302 3251 367 3300; x_wconf 73' lang='lat' dir='ltr'><strong>Eur.</strong></span> <span class='ocrx_word' id='word_1_230' title='bbox 387 3251 484 3300; x_wconf 85' lang='lat' dir='ltr'><strong>&#39;Perdes</strong></span> <span class='ocrx_word' id='word_1_231' title='bbox 500 3264 549 3300; x_wconf 89' lang='lat' dir='ltr'><strong>me.</strong></span> <span class='ocrx_word' id='word_1_232' title='bbox 582 3251 623 3299; x_wconf 84' lang='lat' dir='ltr'><strong>En</strong></span> <span class='ocrx_word' id='word_1_233' title='bbox 641 3250 698 3299; x_wconf 85' lang='lat' dir='ltr'><strong>tibi:</strong></span> <span class='ocrx_word' id='word_1_234' title='bbox 715 3249 772 3300; x_wconf 83' lang='lat' dir='ltr'><strong>vale</strong></span> <span class='ocrx_word' id='word_1_235' title='bbox 787 3250 927 3314; x_wconf 73' lang='lat' dir='ltr'><strong>tragoedia!</strong></span> 
     </span>
    </p>

    <p class='ocr_par' dir='ltr' id='par_1_18' title="bbox 236 3339 1344 3583">
     <span class='ocr_line' id='line_1_30' title="bbox 302 3339 1344 3405; baseline 0.001 -16"><span class='ocrx_word' id='word_1_236' title='bbox 302 3341 362 3389; x_wconf 78' lang='lat' dir='ltr'><strong>Die.</strong></span> <span class='ocrx_word' id='word_1_237' title='bbox 395 3339 465 3390; x_wconf 82' lang='lat' dir='ltr'><strong>Nihil</strong></span> <span class='ocrx_word' id='word_1_238' title='bbox 481 3339 601 3405; x_wconf 83' lang='lat' dir='ltr'><strong>amplius,</strong></span> <span class='ocrx_word' id='word_1_239' title='bbox 617 3341 691 3398; x_wconf 86' lang='lat' dir='ltr'><strong>abeo,</strong></span> <span class='ocrx_word' id='word_1_240' title='bbox 707 3354 766 3389; x_wconf 86' lang='lat' dir='ltr'><strong>nam</strong></span> <span class='ocrx_word' id='word_1_241' title='bbox 783 3355 874 3391; x_wconf 81' lang='lat' dir='ltr'><strong>revera</strong></span> <span class='ocrx_word' id='word_1_242' title='bbox 890 3355 944 3390; x_wconf 88' lang='lat' dir='ltr'><strong>sum</strong></span> <span class='ocrx_word' id='word_1_243' title='bbox 964 3340 1039 3390; x_wconf 90' lang='lat' dir='ltr'><strong>nimis</strong></span> <span class='ocrx_word' id='word_1_244' title='bbox 1055 3341 1185 3400; x_wconf 83' lang='lat' dir='ltr'><strong>molestus,</strong></span> <span class='ocrx_word' id='word_1_245' title='bbox 1203 3344 1264 3389; x_wconf 86' lang='lat' dir='ltr'><strong>“nec</strong></span> <span class='ocrx_word' id='word_1_246' title='bbox 1285 3341 1344 3390; x_wconf 87' lang='lat' dir='ltr'><strong>satis</strong></span> 
     </span>
     <span class='ocr_line' id='line_1_31' title="bbox 236 3411 1344 3494; baseline 0.001 -16"><span class='ocrx_word' id='word_1_247' title='bbox 236 3411 239 3416; x_wconf 38' lang='lat'><em>¹</em></span> <span class='ocrx_word' id='word_1_248' title='bbox 269 3429 344 3478; x_wconf 84' lang='lat' dir='ltr'><strong>timeo</strong></span> <span class='ocrx_word' id='word_1_249' title='bbox 368 3427 490 3479; x_wconf 85' lang='lat' dir='ltr'><strong>offendere</strong></span> <span class='ocrx_word' id='word_1_250' title='bbox 517 3426 665 3494; x_wconf 85' lang='lat' dir='ltr'><strong>principcs.&#39;&#39;</strong></span> <span class='ocrx_word' id='word_1_251' title='bbox 695 3455 727 3465; x_wconf 91' lang='lat'>-</span> <span class='ocrx_word' id='word_1_252' title='bbox 747 3431 787 3479; x_wconf 82' lang='lat' dir='ltr'><strong>At</strong></span> <span class='ocrx_word' id='word_1_253' title='bbox 803 3429 867 3479; x_wconf 90' lang='lat' dir='ltr'><strong>eheu</strong></span> <span class='ocrx_word' id='word_1_254' title='bbox 883 3437 966 3479; x_wconf 88' lang='lat' dir='ltr'><strong>actum</strong></span> <span class='ocrx_word' id='word_1_255' title='bbox 982 3436 1020 3479; x_wconf 91' lang='lat' dir='ltr'><strong>est</strong></span> <span class='ocrx_word' id='word_1_256' title='bbox 1035 3432 1066 3480; x_wconf 89' lang='lat' dir='ltr'><strong>de</strong></span> <span class='ocrx_word' id='word_1_257' title='bbox 1082 3445 1137 3489; x_wconf 89' lang='lat' dir='ltr'><strong>me,</strong></span> <span class='ocrx_word' id='word_1_258' title='bbox 1152 3431 1247 3480; x_wconf 80' lang='lat' dir='ltr'><strong>numid</strong></span> <span class='ocrx_word' id='word_1_259' title='bbox 1263 3445 1278 3478; x_wconf 89' lang='lat' dir='ltr'><strong>a</strong></span> <span class='ocrx_word' id='word_1_260' title='bbox 1295 3444 1344 3494; x_wconf 91' lang='lat' dir='ltr'><strong>quo</strong></span> 
     </span>
     <span class='ocr_line' id='line_1_32' title="bbox 252 3517 1343 3583; baseline 0.002 -16"><span class='ocrx_word' id='word_1_261' title='bbox 252 3518 350 3567; x_wconf 69' lang='lat' dir='ltr'><strong>vomnia</strong></span> <span class='ocrx_word' id='word_1_262' title='bbox 370 3520 480 3581; x_wconf 90' lang='lat' dir='ltr'><strong>pendent</strong></span> <span class='ocrx_word' id='word_1_263' title='bbox 496 3518 578 3568; x_wconf 92' lang='lat' dir='ltr'><strong>omisi.</strong></span> <span class='ocrx_word' id='word_1_264' title='bbox 612 3517 634 3569; x_wconf 92' lang='grc' dir='ltr'><strong>Ο</strong></span> <span class='ocrx_word' id='word_1_265' title='bbox 651 3517 843 3568; x_wconf 90' lang='lat' dir='ltr'><strong>mellitissimum</strong></span> <span class='ocrx_word' id='word_1_266' title='bbox 862 3520 990 3569; x_wconf 89' lang='lat' dir='ltr'><strong>corculum</strong></span> <span class='ocrx_word' id='word_1_267' title='bbox 1010 3519 1154 3583; x_wconf 76' lang='lat' dir='ltr'><strong>Euripides,</strong></span> <span class='ocrx_word' id='word_1_268' title='bbox 1175 3520 1281 3583; x_wconf 88' lang='lat' dir='ltr'><strong>pessime</strong></span> <span class='ocrx_word' id='word_1_269' title='bbox 1298 3520 1343 3569; x_wconf 88' lang='lat' dir='ltr'><strong>dis·</strong></span> 
     </span>
    </p>

    <p class='ocr_par' dir='ltr' id='par_1_19' title="bbox 268 3606 1343 3760">
     <span class='ocr_line' id='line_1_33' title="bbox 269 3606 1343 3671; baseline 0.005 -17"><span class='ocrx_word' id='word_1_270' title='bbox 269 3619 368 3670; x_wconf 88' lang='lat' dir='ltr'><strong>peream</strong></span> <span class='ocrx_word' id='word_1_271' title='bbox 393 3607 414 3655; x_wconf 87' lang='lat' dir='ltr'><strong>si</strong></span> <span class='ocrx_word' id='word_1_272' title='bbox 439 3607 499 3671; x_wconf 88' lang='lat' dir='ltr'><strong>qnid</strong></span> <span class='ocrx_word' id='word_1_273' title='bbox 523 3622 580 3656; x_wconf 89' lang='lat' dir='ltr'><strong>snm</strong></span> <span class='ocrx_word' id='word_1_274' title='bbox 604 3608 704 3671; x_wconf 90' lang='lat' dir='ltr'><strong>insuper</strong></span> <span class='ocrx_word' id='word_1_275' title='bbox 728 3606 862 3671; x_wconf 88' lang='lat' dir='ltr'><strong>petiturus,</strong></span> <span class='ocrx_word' id='word_1_276' title='bbox 879 3614 980 3671; x_wconf 87' lang='lat' dir='ltr'><strong>praeter</strong></span> <span class='ocrx_word' id='word_1_277' title='bbox 1000 3608 1026 3658; x_wconf 92' lang='lat' dir='ltr'><strong>id</strong></span> <span class='ocrx_word' id='word_1_278' title='bbox 1040 3623 1130 3666; x_wconf 91' lang='lat' dir='ltr'><strong>unum,</strong></span> <span class='ocrx_word' id='word_1_279' title='bbox 1146 3608 1172 3657; x_wconf 89' lang='lat' dir='ltr'><strong>id</strong></span> <span class='ocrx_word' id='word_1_280' title='bbox 1188 3608 1288 3658; x_wconf 90' lang='lat' dir='ltr'><strong>unicum</strong></span> <span class='ocrx_word' id='word_1_281' title='bbox 1305 3623 1343 3658; x_wconf 88' lang='lat' dir='ltr'><strong>sc·</strong></span> 
     </span>
     <span class='ocr_line' id='line_1_34' title="bbox 268 3694 1007 3760; baseline 0.003 -16"><span class='ocrx_word' id='word_1_282' title='bbox 268 3695 381 3760; x_wconf 84' lang='lat' dir='ltr'><strong>lemque:</strong></span> <span class='ocrx_word' id='word_1_283' title='bbox 398 3698 430 3745; x_wconf 87' lang='lat' dir='ltr'><strong>da</strong></span> <span class='ocrx_word' id='word_1_284' title='bbox 445 3695 511 3745; x_wconf 90' lang='lat' dir='ltr'><strong>mihi</strong></span> <span class='ocrx_word' id='word_1_285' title='bbox 523 3694 620 3745; x_wconf 89' lang='lat' dir='ltr'><strong>caulem</strong></span> <span class='ocrx_word' id='word_1_286' title='bbox 637 3709 652 3745; x_wconf 90' lang='lat' dir='ltr'><strong>c</strong></span> <span class='ocrx_word' id='word_1_287' title='bbox 668 3695 755 3745; x_wconf 89' lang='lat' dir='ltr'><strong>matris</strong></span> <span class='ocrx_word' id='word_1_288' title='bbox 771 3701 829 3744; x_wconf 85' lang='lat' dir='ltr'><strong>tuae</strong></span> <span class='ocrx_word' id='word_1_289' title='bbox 846 3694 1007 3747; x_wconf 85' lang='lat' dir='ltr'><strong>haereditate.</strong></span> 
     </span>
    </p>

    <p class='ocr_par' dir='ltr' id='par_1_20' title="bbox 301 3783 1024 3838">
     <span class='ocr_line' id='line_1_35' title="bbox 301 3783 1024 3838; baseline 0.003 -6"><span class='ocrx_word' id='word_1_290' title='bbox 301 3785 364 3837; x_wconf 77' lang='lat' dir='ltr'><strong>Bur.</strong></span> <span class='ocrx_word' id='word_1_291' title='bbox 394 3785 501 3834; x_wconf 86' lang='lat' dir='ltr'><strong>Insultat</strong></span> <span class='ocrx_word' id='word_1_292' title='bbox 517 3783 579 3833; x_wconf 83' lang='lat' dir='ltr'><strong>milri</strong></span> <span class='ocrx_word' id='word_1_293' title='bbox 595 3783 682 3833; x_wconf 89' lang='lat' dir='ltr'><strong>homo:</strong></span> <span class='ocrx_word' id='word_1_294' title='bbox 699 3783 800 3834; x_wconf 85' lang='lat' dir='ltr'><strong>occlude</strong></span> <span class='ocrx_word' id='word_1_295' title='bbox 815 3784 901 3834; x_wconf 81' lang='lat' dir='ltr'><strong>valvas</strong></span> <span class='ocrx_word' id='word_1_296' title='bbox 917 3784 1024 3838; x_wconf 85' lang='lat' dir='ltr'><strong>aedium.</strong></span> 
     </span>
    </p>

    <p class='ocr_par' dir='ltr' id='par_1_21' title="bbox 302 3874 903 3935">
     <span class='ocr_line' id='line_1_36' title="bbox 302 3874 903 3935; baseline 0.003 -13"><span class='ocrx_word' id='word_1_297' title='bbox 302 3875 360 3927; x_wconf 80' lang='lat' dir='ltr'><strong>Die.</strong></span> <span class='ocrx_word' id='word_1_298' title='bbox 393 3874 416 3927; x_wconf 92' lang='lat' dir='ltr'>O</span> <span class='ocrx_word' id='word_1_299' title='bbox 433 3875 529 3935; x_wconf 86' lang='lat' dir='ltr'><strong>anime,</strong></span> <span class='ocrx_word' id='word_1_300' title='bbox 545 3875 598 3924; x_wconf 90' lang='lat' dir='ltr'><strong>sinc</strong></span> <span class='ocrx_word' id='word_1_301' title='bbox 615 3874 686 3924; x_wconf 85' lang='lat' dir='ltr'><strong>caule</strong></span> <span class='ocrx_word' id='word_1_302' title='bbox 702 3874 842 3925; x_wconf 76' lang='lat' dir='ltr'><strong>abeundum</strong></span> <span class='ocrx_word' id='word_1_303' title='bbox 859 3881 903 3924; x_wconf 87' lang='lat' dir='ltr'><strong>est.</strong></span> 
     </span>
    </p>
   </div>
   <div class='ocr_carea' id='block_1_4' title="bbox 267 4107 1343 4456">
    <p class='ocr_par' dir='ltr' id='par_1_22' title="bbox 267 4107 1343 4456">
     <span class='ocr_line' id='line_1_37' title="bbox 300 4107 1342 4190; baseline 0.005 -21"><span class='ocrx_word' id='word_1_304' title='bbox 300 4107 484 4184; x_wconf 61' lang='lat' dir='ltr'><strong>Wegncrus&#39;in</strong></span> <span class='ocrx_word' id='word_1_305' title='bbox 500 4119 699 4183; x_wconf 74' lang='lat' dir='ltr'><strong>fragmentorum</strong></span> <span class='ocrx_word' id='word_1_306' title='bbox 715 4121 907 4186; x_wconf 79' lang='lat' dir='ltr'><strong>Euripideorum</strong></span> <span class='ocrx_word' id='word_1_307' title='bbox 923 4121 1030 4172; x_wconf 87' lang='lat' dir='ltr'><strong>editione</strong></span> <span class='ocrx_word' id='word_1_308' title='bbox 1047 4136 1080 4171; x_wconf 83' lang='lat' dir='ltr'><strong>ex</strong></span> <span class='ocrx_word' id='word_1_309' title='bbox 1096 4121 1142 4171; x_wconf 89' lang='lat' dir='ltr'><strong>hoc</strong></span> <span class='ocrx_word' id='word_1_310' title='bbox 1160 4121 1215 4172; x_wconf 91' lang='lat' dir='ltr'><strong>loco</strong></span> <span class='ocrx_word' id='word_1_311' title='bbox 1234 4122 1342 4190; x_wconf 82' lang='lat' dir='ltr'><strong>collegit,</strong></span> 
     </span>
     <span class='ocr_line' id='line_1_38' title="bbox 268 4210 1343 4277; baseline 0.001 -17"><span class='ocrx_word' id='word_1_312' title='bbox 268 4210 408 4274; x_wconf 86' lang='lat' dir='ltr'><strong>Telephum</strong></span> <span class='ocrx_word' id='word_1_313' title='bbox 432 4210 597 4274; x_wconf 74' lang='lat' dir='ltr'><strong>Euripideum</strong></span> <span class='ocrx_word' id='word_1_314' title='bbox 619 4226 707 4262; x_wconf 80' lang='lat' dir='ltr'><strong>revera</strong></span> <span class='ocrx_word' id='word_1_315' title='bbox 727 4213 836 4277; x_wconf 85' lang='lat' dir='ltr'><strong>gessisse</strong></span> <span class='ocrx_word' id='word_1_316' title='bbox 851 4212 978 4263; x_wconf 87' lang='lat' dir='ltr'><strong>corbulam</strong></span> <span class='ocrx_word' id='word_1_317' title='bbox 994 4212 1152 4272; x_wconf 83' lang='lat' dir='ltr'><strong>semiustam,</strong></span> <span class='ocrx_word' id='word_1_318' title='bbox 1168 4211 1278 4277; x_wconf 78' lang='lat' dir='ltr'><strong>phialam</strong></span> <span class='ocrx_word' id='word_1_319' title='bbox 1294 4227 1343 4264; x_wconf 91' lang='lat' dir='ltr'><strong>non</strong></span> 
     </span>
     <span class='ocr_line' id='line_1_39' title="bbox 267 4299 1342 4366; baseline 0.004 -18"><span class='ocrx_word' id='word_1_320' title='bbox 267 4299 404 4365; x_wconf 87' lang='lat' dir='ltr'><strong>integram,</strong></span> <span class='ocrx_word' id='word_1_321' title='bbox 428 4300 503 4350; x_wconf 79' lang='lat' dir='ltr'><strong>ollem</strong></span> <span class='ocrx_word' id='word_1_322' title='bbox 525 4301 629 4366; x_wconf 83' lang='lat' dir='ltr'><strong>spongia</strong></span> <span class='ocrx_word' id='word_1_323' title='bbox 649 4303 703 4352; x_wconf 81' lang='lat' dir='ltr'><strong>vice</strong></span> <span class='ocrx_word' id='word_1_324' title='bbox 719 4303 829 4366; x_wconf 83' lang='lat' dir='ltr'><strong>operculi</strong></span> <span class='ocrx_word' id='word_1_325' title='bbox 844 4302 966 4364; x_wconf 86' lang='lat' dir='ltr'><strong>clansam,</strong></span> <span class='ocrx_word' id='word_1_326' title='bbox 983 4303 1050 4353; x_wconf 90' lang='lat' dir='ltr'><strong>etin</strong></span> <span class='ocrx_word' id='word_1_327' title='bbox 1066 4303 1169 4354; x_wconf 88' lang='lat' dir='ltr'><strong>corbule</strong></span> <span class='ocrx_word' id='word_1_328' title='bbox 1184 4302 1238 4352; x_wconf 90' lang='lat' dir='ltr'><strong>olus</strong></span> <span class='ocrx_word' id='word_1_329' title='bbox 1254 4303 1342 4352; x_wconf 90' lang='lat' dir='ltr'><strong>marci-</strong></span> 
     </span>
     <span class='ocr_line' id='line_1_40' title="bbox 268 4390 1169 4456; baseline 0.006 -17"><span class='ocrx_word' id='word_1_330' title='bbox 268 4391 333 4439; x_wconf 91' lang='lat' dir='ltr'><strong>dum.</strong></span> <span class='ocrx_word' id='word_1_331' title='bbox 361 4390 413 4441; x_wconf 87' lang='lat' dir='ltr'><strong>Sed</strong></span> <span class='ocrx_word' id='word_1_332' title='bbox 428 4393 512 4442; x_wconf 91' lang='lat' dir='ltr'><strong>nescio</strong></span> <span class='ocrx_word' id='word_1_333' title='bbox 527 4407 560 4441; x_wconf 86' lang='lat' dir='ltr'><strong>en</strong></span> <span class='ocrx_word' id='word_1_334' title='bbox 575 4400 682 4456; x_wconf 84' lang='lat' dir='ltr'><strong>praestet</strong></span> <span class='ocrx_word' id='word_1_335' title='bbox 697 4408 747 4443; x_wconf 91' lang='lat' dir='ltr'><strong>nou</strong></span> <span class='ocrx_word' id='word_1_336' title='bbox 763 4396 825 4444; x_wconf 86' lang='lat' dir='ltr'><strong>adeo</strong></span> <span class='ocrx_word' id='word_1_337' title='bbox 841 4394 924 4443; x_wconf 83' lang='lat' dir='ltr'><strong>verbis</strong></span> <span class='ocrx_word' id='word_1_338' title='bbox 941 4393 1029 4444; x_wconf 87' lang='lat' dir='ltr'><strong>comici</strong></span> <span class='ocrx_word' id='word_1_339' title='bbox 1046 4393 1169 4445; x_wconf 88' lang='lat' dir='ltr'><strong>insistere.</strong></span> 
     </span>
    </p>
   </div>
   <div class='ocr_carea' id='block_1_5' title="bbox 300 4503 1318 4570">
    <p class='ocr_par' dir='ltr' id='par_1_23' title="bbox 300 4503 1318 4570">
     <span class='ocr_line' id='line_1_41' title="bbox 300 4503 1318 4570; baseline 0.004 -18"><span class='ocrx_word' id='word_1_340' title='bbox 300 4503 313 4532; x_wconf 67' lang='lat'><strong>¹*</strong></span> <span class='ocrx_word' id='word_1_341' title='bbox 330 4506 350 4552; x_wconf 83' lang='grc' dir='ltr'><strong><em>ὦ</em></strong></span> <span class='ocrx_word' id='word_1_342' title='bbox 367 4504 440 4570; x_wconf 35' lang='grc' dir='ltr'>θυμέ..</span> <span class='ocrx_word' id='word_1_343' title='bbox 462 4513 520 4553; x_wconf 75' lang='lat' dir='ltr'><strong>cont.</strong></span> <span class='ocrx_word' id='word_1_344' title='bbox 533 4513 604 4559; x_wconf 82' lang='lat' dir='ltr'><strong>nqutt.</strong></span> <span class='ocrx_word' id='word_1_345' title='bbox 617 4522 649 4552; x_wconf 85' lang='lat' dir='ltr'><strong>vs.</strong></span> <span class='ocrx_word' id='word_1_346' title='bbox 662 4513 726 4561; x_wconf 83' lang='lat'>1194,</span> <span class='ocrx_word' id='word_1_347' title='bbox 739 4514 841 4565; x_wconf 67' lang='lat' dir='ltr'><strong>Iturlpldls</strong></span> <span class='ocrx_word' id='word_1_348' title='bbox 854 4514 908 4564; x_wconf 80' lang='lat' dir='ltr'><strong>luter</strong></span> <span class='ocrx_word' id='word_1_349' title='bbox 921 4514 972 4553; x_wconf 87' lang='lat' dir='ltr'><strong>allos</strong></span> <span class='ocrx_word' id='word_1_350' title='bbox 984 4515 1039 4553; x_wconf 86' lang='lat' dir='ltr'><strong>locos</strong></span> <span class='ocrx_word' id='word_1_351' title='bbox 1051 4515 1144 4562; x_wconf 80' lang='lat' dir='ltr'><strong>lnprtmls</strong></span> <span class='ocrx_word' id='word_1_352' title='bbox 1156 4517 1212 4555; x_wconf 81' lang='lat' dir='ltr'><strong>Med,</strong></span> <span class='ocrx_word' id='word_1_353' title='bbox 1226 4527 1247 4556; x_wconf 86' lang='lat' dir='ltr'><strong>v.</strong></span> <span class='ocrx_word' id='word_1_354' title='bbox 1262 4519 1318 4557; x_wconf 78' lang='lat'>1057.</span> 
     </span>
    </p>
   </div>
   <div class='ocr_carea' id='block_1_6' title="bbox 0 0 1646 5338">
    <p class='ocr_par' dir='ltr' id='par_1_24' title="bbox 0 0 1646 5338">
     <span class='ocr_line' id='line_1_42' title="bbox 0 0 1646 5338; baseline 0 1"><span class='ocrx_word' id='word_1_355' title='bbox 0 0 1646 5338; x_wconf 95' lang='lat' dir='ltr'><strong> </strong></span> 
     </span>
    </p>
   </div>
  </div>
 </body>
</html>
