3284 5338
834 471 895 533 104

330 657 364 721 in
387 654 499 720 Attico
530 654 657 718 theatro
679 673 799 718 munus
821 652 1006 718 labentibus
1030 655 1124 719 annis
1148 656 1270 721 sensim
1293 657 1403 723 decre-

328 770 430 846 visse3
454 789 555 853 quum
579 767 668 834 enim
691 767 873 852 antiquitus
896 766 1053 833 minorem
1079 769 1262 854 tragoediae
1277 779 1405 857 partem

328 883 489 965 diverbia,
502 882 659 968 majorem
669 881 796 948 chorioa
808 882 1000 968 implerent,
1013 891 1047 947 et
1058 883 1157 948 etiam
1167 883 1202 948 in
1213 883 1406 967 Aeschyleis

329 996 485 1062 dramatis
520 1019 540 1060 a
572 995 698 1062 cunctis
722 995 934 1062 histrionibus
958 995 1015 1060 vix
1036 996 1146 1082 plnres
1169 1019 1282 1063 versus
1305 1020 1406 1084 quam

327 1134 348 1176 a
381 1112 478 1176 choro
510 1110 731 1196 proferantur,
768 1108 941 1194 Sophocles
978 1110 1047 1195 ejus
1078 1110 1205 1176 cantica
1239 1111 1274 1176 iu
1307 1112 1408 1197 longe

328 1223 530 1309 augustiores
565 1223 647 1288 fines
681 1222 797 1308 coegit
846 1222 938 1288 Idem
973 1243 1049 1288 vero
1086 1223 1143 1288 isti
1165 1223 1407 1309 dramaturgiae

328 1341 414 1423 parti
449 1341 613 1427 insignem
637 1336 800 1424 quandam
823 1357 935 1402 curam
957 1343 1124 1422 artemque
1147 1335 1316 1419 adhibuit,
1341 1356 1406 1420 quo

327 1451 450 1518 factum
475 1461 526 1520 est
548 1453 643 1520 utin
667 1451 736 1536 ejus
759 1450 934 1536 tragoediis
957 1449 1075 1516 chorici
1099 1456 1214 1516 cantus
1228 1470 1292 1516 non
1309 1448 1407 1513 modo

328 1564 449 1630 eximia
471 1587 572 1652 quum
595 1563 766 1630 dulcedine
790 1571 861 1628 tum
883 1564 1045 1649 gravitate
1068 1570 1201 1648 captent
1216 1562 1405 1628 auditorum

329 1678 474 1760 animos,
498 1679 555 1744 sed
578 1678 678 1743 etiam
701 1697 775 1741 cum
798 1676 869 1761 ipso
890 1685 1083 1762 argumento
1096 1683 1228 1762 totaque
1244 1683 1407 1741 structura

331 1790 514 1856 arctissime
550 1789 619 1856 sint
651 1787 788 1854 connexi
824 1794 858 1853 et
890 1787 1028 1854 feliciter
1060 1788 1246 1873 conspirent
1285 1789 1403 1855 omnia

333 1902 506 1989 Euripides
540 1923 633 1986 vero,
670 1901 724 1987 qui
755 1900 831 1966 deos
856 1922 919 1966 uon
943 1902 1008 1966 nisi
1031 1901 1138 1986 poesis
1162 1923 1239 1987 ergo
1260 1901 1406 1983 colebat,

329 2015 381 2080 cui
414 2015 525 2080 heroes
560 2014 616 2079 vix
650 2012 739 2078 aliud
772 2020 865 2077 erant
899 2034 994 2099 quam
1031 2014 1178 2099 supellex
1205 2015 1349 2099 tragica,
1375 2023 1408 2080 et

330 2149 424 2213 quem
461 2125 571 2191 omnia
594 2131 757 2191 testantur
781 2124 887 2210 magis
912 2125 1159 2211 cosmopolitam
1182 2149 1280 2211 quam
1302 2127 1408 2192 'civem

328 2241 430 2306 fuisse
452 2240 620 2323 Atticum,
645 2237 725 2324 quid
747 2237 866 2303 faceret
889 2238 1007 2303 choro?
1031 2239 1195 2304 Lubenter
1216 2241 1287 2306 sine
1308 2241 1409 2307 dubio

330 2352 534 2429 sustulisset3
570 2351 628 2416 sed
660 2350 791 2415 obstitit
822 2349 980 2435 quaedam
1013 2351 1081 2435 ejus
1104 2352 1219 2438 religio
1243 2354 1294 2419 vel
1316 2355 1407 2420 timi-

330 2464 425 2528 ditas.
453 2461 560 2529 Semel
576 2470 694 2528 autem
717 2463 752 2526 in
776 2483 906 2527 scenam
929 2463 1111 2552 admissus,
1137 2465 1315 2532 videndum
1339 2474 1409 2533 erat

330 2585 368 2642 ut
402 2598 443 2642 ne
475 2575 591 2641 choms
628 2574 705 2659 ille,
734 2575 790 2660 qui
813 2562 900 2660 quod
923 2583 1033 2660 ageret
1056 2577 1112 2642 vix
1136 2578 1285 2664 haberet,
1309 2580 1409 2665 plane

331 2690 437 2775 κωφὸν
478 2689 655 2754 sustineret
692 2679 874 2774 πρόςώποιι.
924 2687 988 2755 Sed
1020 2711 1086 2755 non
1122 2690 1202 2757 satis
1236 2693 1410 2778 perpendit

329 2783 504 2884 'Euripides
547 2802 744 2866 orchestram
780 2801 853 2865 ideo
888 2801 1028 2868 vicinam
1065 2825 1135 2868 esse
1169 2805 1337 2888 proscenio
1370 2816 1410 2872 ut

332 2934 413 2997 quae
446 2913 480 2976 in
517 2933 555 2976 ea
589 2921 746 2978 canantur
780 2919 868 2978 arcte
899 2935 974 2979 cum
1009 2915 1206 2981 histrionum
1241 2916 1338 2982 dictis
1374 2925 1410 2986 et

334 3026 460 3090 actione
483 3027 686 3109 cohaereant,
711 3047 816 3110 neque
839 3025 941 3110 igitur
963 3026 1049 3092 hunc
1076 3049 1172 3093 usum
1195 3050 1291 3112 posse
1312 3053 1409 3116 prae-

331 3139 424 3221 bere,
458 3144 497 3204 ut
527 3143 624 3224 poeta
649 3137 718 3221 ejus
744 3138 925 3204 ministerio
952 3161 1046 3204 suam
1071 3141 1106 3204 in
1133 3142 1238 3207 verbis
1265 3143 1408 3229 ligandis

333 3251 501 3336 modisque
523 3250 687 3336 fingendis
706 3256 854 3316 ,ostentet
876 3255 991 3328 artem,
1015 3274 1098 3337 quae
1121 3256 1271 3339 quamvis
1290 3257 1407 3342 singu-

332 3362 409 3426 laris
433 3368 466 3426 et
488 3362 666 3447 praeclara,
690 3361 717 3427 si
742 3368 834 3428 extra
856 3362 985 3429 fabulae
1008 3364 1131 3432 limites
1154 3357 1302 3454 vagetur,
1321 3371 1408 3436 nihil

332 3474 484 3540 conducit
506 3495 684 3560 parumque
706 3473 814 3540 laudis
839 3482 988 3541 meretur.
1354 3485 1357 3490 '

271 3621 298 3678 γ
378 3587 444 3652 Diu
475 3586 612 3652 miratus
636 3608 709 3654 sum
732 3587 818 3673 quod
842 3587 903 3654 hac
926 3588 965 3653 de
989 3611 1023 3655 re
1046 3591 1175 3657 nullum
1198 3594 1305 3660 locum
1329 3596 1437 3661 Ari-⁸

293 3729 294 3734 ¹
333 3702 549 3787 stophaneum
572 3700 770 3783 invenirem,
785 3723 898 3795 ‘quum
913 3723 977 3767 non
991 3702 1128 3770 dubium
1147 3705 1230 3772 mihi
1245 3708 1411 3776 videretur

333 3814 411 3898 quin
435 3813 568 3897 lynceus
591 3813 649 3878 ille
670 3813 800 3878 criticus
822 3814 882 3879 hoc
906 3835 1032 3900 quoqne
1049 3816 1168 3884 vitium
1184 3819 1219 3884 in
1239 3820 1408 3907 Euripidis

333 3926 508 4011 tragoediis
532 3925 786 4010 deprehenderit.
812 3926 954 3991 Tandem
977 3928 1077 3994 incidi
1097 3931 1131 3994 in
1148 3933 1409 4002 Acharnensium

332 4060 462 4104 versum
484 4040 568 4123 443,
591 4039 664 4123 ubi,
690 4038 725 4106 in
752 4039 892 4103 transitu
913 4046 1021 4105 tamen
1045 4047 1079 4106 et
1103 4044 1270 4130 aliquanto
1291 4049 1408 4116 obscu-

332 4152 411 4232 rius,
435 4150 519 4217 ridet
542 4150 756 4237 Euripideum
780 4152 923 4233 chorum,
948 4176 1048 4239 quum
1065 4156 1145 4222 dicit
1160 4162 1235 4234 τοὺς
1253 4167 1410 4249 χορευτὰς

332 4262 475 4338 ἠλιθίους
496 4264 695 4350 παρεστάναι.

378 4372 502 4436 Iterum
535 4371 587 4440 hio
621 4378 754 4457 apparet
787 4359 957 4458 Euripidis
996 4377 1031 4440 in
1066 4381 1181 4446 veteris
1221 4387 1409 4470 tragoediae

332 4485 459 4572 legibus
482 4485 648 4552 mutandis
674 4485 903 4569 infortunium,
921 4489 995 4574 qui,
1019 4512 1210 4580 quacunque
1225 4518 1244 4562 a
1259 4518 1411 4582 praeces-
