3258 5328
847 449 888 510 56

380 636 508 701 Mnesil.
559 635 628 715 Qua
652 653 722 698 uero
745 637 885 698 ratione?

379 751 454 815 Eur.
558 749 647 813 Haec
678 757 751 811 trcuc
782 751 828 812 ita
845 745 944 832 suere
967 747 1123 812 distincta.
1173 745 1258 809 Nara
1281 751 1315 810 ut
1334 749 1406 830 pri-

554 884 635 928 muru
667 865 792 926 secessit
818 860 933 925 Aether
960 870 989 926 et
1012 863 1185 925 auiuiautee
1208 868 1291 924 ruotu
1307 881 1406 945 prae-

555 981 636 1042 ditos
659 979 692 1040 iu
710 995 744 1040 ae
752 978 941 1060 procreauit,
958 977 1012 1060 qui
1022 975 1103 1039 uisui
1114 973 1408 1047 inseruiretoculum

543 1088 646 1174 fluuit
674 1091 831 1174 primurn,
864 1087 1003 1173 euemplo
1033 1095 1132 1152 sumto
1163 1083 1201 1150 ab
1224 1085 1294 1151 orbe
1315 1086 1407 1167 coiis,

554 1223 648 1268 aures
671 1223 741 1266 uero
757 1199 939 1286 perforavit
961 1200 1007 1265 ud
1029 1205 1132 1266 iustar
1156 1197 1347 1284 infrendibuii
1362 1201 1382 1262 ¹.

380 1321 411 1383 M
418 1317 507 1382 uesil.
556 1317 684 1402 Erpoue
720 1313 951 1400 infundibulum
988 1317 1021 1378 iu
1056 1333 1152 1379 causa
1186 1322 1232 1378 est
1266 1335 1322 1377 aar
1356 1334 1410 1398 epo

555 1449 649 1514 aeque
672 1427 800 1493 audiam
823 1448 917 1512 aeque
939 1426 1081 1492 uideam?
1127 1423 1277 1511 Profecto
1288 1425 1409 1513 paudeo

556 1563 603 1607 ure
626 1541 680 1606 icc
702 1545 773 1606 uoci
795 1540 995 1606 addidicisse.
1047 1541 1088 1605 Ut
1105 1539 1238 1625 prodest
1261 1559 1328 1602 curu
1355 1558 1408 1602 sa-

549 1653 709 1740 pientibus
733 1653 919 1718 cousuetudo
934 1655 967 1715 ³!

344 1771 457 1863 Eur.
552 1765 678 1834 Similia
699 1766 747 1832 iia
771 1765 869 1831 uuita
892 1788 912 1830 a
935 1787 982 1831 ure
999 1769 1107 1851 possis
1130 1765 1256 1831 discere.

381 1885 420 1948 ln
445 1882 546 1946 Renis
572 1901 698 1966 quoque
721 1878 902 1964 complures
919 1885 998 1944 sunt
1014 1879 1144 1944 loeiubi
1156 1877 1322 1964 Euripidis
1339 1884 1409 1943 stu-

335 2000 427 2065 dium
457 1997 635 2082 sapientiae
658 2001 929 2061 commemoratur
952 1994 1003 2058 vel
1027 1993 1200 2059 deridetur.
1249 1993 1301 2059 Sic
1326 1991 1407 2056 Ran.

338 2135 384 2178 vs.
414 2116 497 2176 1413
523 2110 707 2194 Dionysus:

457 2226 514 2290 τὸν
533 2228 588 2304 μὲν
610 2223 674 2309 γὰρ
696 2224 831 2307 ἡγοῦμαι
854 2223 968 2306 σοφόν,
991 2225 1035 2308 τῷ
1057 2218 1083 2288 δ’
1104 2219 1224 2305 ἥδομαι·

337 2338 393 2401 ubi
426 2334 592 2400 verissime
622 2334 852 2417 Aristarchus,
881 2338 964 2399 teste
997 2334 1111 2416 schol,
1135 2334 1278 2420 priorem
1300 2355 1411 2399 versus

335 2459 461 2536 partem
493 2448 533 2512 de
565 2446 739 2530 Euripide,
773 2446 908 2525 alteram
940 2447 980 2512 de
1012 2447 1173 2530 Aeschylo
1207 2447 1349 2534 accepit;
1379 2458 1412 2513 et

336 2586 382 2627 vs.
412 2565 496 2626 1434
521 2560 561 2625 de
584 2560 699 2625 iisdem
724 2559 829 2624 idem:

458 2680 552 2758 ὁ.μέν
572 2681 682 2761 σοφῶς
707 2677 770 2760 γὰρ
794 2674 889 2746 εἶπεν,
912 2680 930 2739 ὁ
950 2672 976 2743 8?
999 2678 1104 2763 ἕτερος
1124 2682 1244 2763 σαφῶς.

243 2801 247 2807 “
338 2784 459 2869 Lepide
483 2800 610 2865 quoque
633 2801 678 2843 vs.
704 2780 807 2842 1445:

459 2891 670 2980 ἀμαθέστερόν
692 2918 761 2968 πως
783 2896 843 2957 εἰπὲ
866 2896 914 2956 καὶ
937 2896 1128 2980 σαφέστερον

341 3002 518 3087 compellat
541 2999 634 3065 illum
660 2997 759 3064 nimis
782 2997 913 3062 doctum
935 3003 1234 3086 poetam,.tamque
1250 3001 1415 3088 sapienter

372 3262 378 3292 ¹
413 3263 502 3324 Aegro
519 3256 602 3308 versui
623 3259 653 3307 18
668 3272 718 3307 non
735 3266 795 3321 puto
812 3257 935 3306 medelam
952 3270 1006 3306 esse
1016 3257 1118 3307 allatam
1128 3258 1415 3314 emendationeReiskii,

338 3367 412 3415 quam
437 3347 582 3398 Dindorfius
599 3347 682 3396 textui
698 3347 812 3405 inseruit,
830 3345 902 3406 δίκην
917 3360 963 3410 pro
981 3346 1063 3406 ἀκοὴν
1077 3347 1193 3412 legentis.
1228 3347 1415 3399 Infundibuluru

338 3441 400 3488 illud
415 3438 507 3488 ‘vellem
523 3436 611 3500 aliquis
629 3435 694 3485 felici
711 3435 855 3499 conjectura
871 3436 929 3485 hinc
945 3435 1065 3500 abigeret

372 3529 382 3559 ²
417 3527 482 3577 Sunt
509 3526 550 3589 qui
575 3525 616 3575 hic
641 3524 718 3572 alludi
743 3525 888 3573 existiment
912 3527 941 3573 ad
960 3540 1059 3575 versum
1076 3542 1149 3590 quem
1167 3527 1239 3578 Plato
1256 3529 1319 3591 Rep.
1337 3529 1415 3587 VIII,

339 3635 396 3684 pag.
413 3617 463 3666 568
480 3623 508 3664 ut
525 3614 688 3678 Euripideum
699 3614 771 3671 citat,
781 3628 859 3676 quum
868 3615 909 3662 alii
918 3615 1052 3665 attribuant
1061 3616 1194 3680 Sophocli:
1212 3619 1285 3683 σοφοὶ
1295 3619 1415 3682 τύραννοι

340 3714 392 3757 τῶν
417 3709 502 3770 σοφῶν
528 3704 659 3768 συνουσίᾳ.
691 3703 752 3752 Vidi
778 3703 973 3754 dissertationem
998 3707 1062 3756 doct.
1081 3707 1334 3772 A.'I¹ros00(11ugd.
1352 3709 1412 3757 Bet.
1493 3711 1496 3716 '

342 3796 427 3858 raba),
444 3794 487 3858 qui
503 3799 575 3857 putat
591 3807 648 3856 pag.
665 3794 689 3850 6,
706 3793 851 3856 Euripidem
870 3793 935 3842 hunc
951 3808 1053 3844 versum
1069 3796 1234 3845 “sulfuratum
1252 3811 1306 3846 sese
1322 3795 1417 3860 Sopho·

340 3886 386 3940 cli,
403 3886 474 3946 idque
490 3883 512 3931 ei
530 3881 556 3930 h.
571 3881 588 3929 l.
605 3880 668 3930 salse
685 3881 716 3928 ab
732 3881 903 3944 Aristophane
919 3883 1078 3944 exprobrari'
1096 3911 1127 3920 -
1144 3886 1209 3948 quod
1226 3885 1340 3949 equidem
1353 3887 1417 3935 mul·

341 3976 372 4022 tis
396 3976 427 4024 de
451 3971 532 4021 causis
557 3984 644 4032 parum
670 3970 804 4019 verisimile
829 3972 904 4028 duco,
927 3985 1007 4035 neque
1023 3973 1079 4022 salsi
1097 3975 1228 4037 quicquam
1245 3975 1285 4023 hic
1302 3977 1418 4039 detegere

340 4077 446 4126 P⁰⁸⁸¹¹¹¹¹=
493 4075 495 4080 '

374 4155 405 4202 In
429 4152 473 4200 illo
498 4150 593 4208 libello,
615 4149 735 4214 judicium
761 4150 938 4214 Aristophanis
960 4153 991 4201 de
1013 4151 1136 4215 plerisque
1162 4153 1256 4204 civibus
1277 4155 1419 4218 aequalibus

341 4244 488 4300 exhibente,
514 4243 656 4291 brevissime
681 4256 725 4304 pro
750 4257 794 4290 suo
818 4241 933 4300 consilio,
963 4244 1005 4291 sed
1036 4257 1085 4291 non
1114 4243 1191 4301 male,
1219 4245 1342 4307 exposuit·
1359 4245 1418 4293 scri·
1466 4291 1470 4300 ,

341 4345 397 4396 pror
413 4347 474 4396 quae
491 4334 521 4380 ‹le
539 4332 659 4394 Euripide
676 4331 750 4380 habet
766 4333 881 4382 comicus.
909 4333 997 4396 Longe
1015 4348 1072 4383 eum
1090 4342 1172 4382 umen
1189 4349 1291 4399 superat
1308 4337 1337 4384 T.
1356 4334 1416 4384 Hal·

341 4425 449 4472 bertsma
474 4423 499 4468 in
524 4435 598 4484 opere
615 4421 725 4483 ἡμιτελεῑ
741 4422 806 4489 quod
825 4421 869 4468 sub
886 4421 958 4470 titulo
976 4422 1199 4485 prosopographiae
1219 4425 1417 4487 Aristophaneus

340 4529 405 4564 anno
422 4519 476 4576 post
493 4511 592 4574 prodiit,
610 4511 686 4560 bonae
704 4511 779 4574 frugis
797 4511 904 4573 plenum.
