3258 5328
851 445 892 508 36

336 627 394 696 sed
416 651 498 716 quae
524 634 632 694 tamen
657 627 765 694 multo
785 627 885 694 etiam
907 623 1135 714 praeclariores
1157 627 1338 694 evasissent
1356 647 1410 692 mc

332 743 458 830 judice,
492 742 520 808 si
541 741 638 829 plane
658 741 842 808 comoediae
864 747 992 819 essent3
1017 748 1056 806 ut
1078 741 1207 824 mulus,
1232 741 1294 807 etsi
1318 740 1409 806 utilis

336 877 395 922 neo
429 855 615 939 indecorus,
649 877 712 921 usu
744 861 855 921 tamen
883 875 948 920 non
971 860 1089 940 aequat
1113 854 1258 938 asinum,
1284 859 1318 918 et
1337 852 1410 938 pnl-

337 967 522 1034 chritudine
542 951 640 1052 longe
663 987 746 1052 equo
768 965 1013 1053 postponendus
1036 972 1094 1032 est.

383 1081 514 1168 Optime
535 1103 576 1148 ex
599 1081 678 1146 Ione
698 1086 778 1166 puto
802 1102 854 1145 rue
867 1079 1038 1146 defendere
1050 1101 1146 1166 posse
1158 1101 1254 1166 quam
1268 1078 1411 1166 expressi

338 1195 533 1282 opinionem.
568 1193 676 1279 Hujus
694 1193 824 1259 fabulae
842 1201 1084 1280 argumentum,
1099 1193 1344 1281 ὰναγνωρισμὸς
1356 1215 1413 1278 per

338 1307 532 1394 crepundia,
555 1307 589 1372 in
614 1313 758 1372 mentem
780 1307 874 1372 nobis
898 1313 1027 1372 revocat
1051 1304 1233 1370 comoedias
1253 1304 1328 1370 illas
1342 1306 1412 1371 Me·

338 1419 497 1486 nandreas
521 1424 555 1486 et
576 1426 774 1486 caeterorum
798 1440 901 1485 novae
923 1418 1106 1485 comoediae
1131 1423 1317 1503 poetarum,
1330 1439 1412 1504 quae

340 1534 560 1598 Romanorum
584 1532 769 1598 imitatione
793 1533 961 1616 (Rudente
986 1531 1143 1597 Plautino
1164 1537 1246 1616 puta
1269 1529 1320 1596 vel
1340 1531 1412 1596 An-

339 1645 410 1711 dria
432 1645 587 1730 Terentii)
610 1641 705 1710 nobis
730 1645 952 1711 innotuerunt.
979 1643 1174 1710 Totumfere
1189 1643 1364 1710 discrimen
1378 1643 1413 1706 in

339 1780 377 1825 eo
406 1764 553 1824 versatur
581 1758 667 1844 quod
698 1779 763 1823 non
794 1757 898 1824 Attici
927 1763 1069 1834 aratores
1090 1762 1124 1823 et
1143 1762 1335 1826 mercatores
1357 1756 1413 1822 sed

340 1871 468 1958 antiqui
492 1872 604 1937 heroes
628 1878 661 1938 et
683 1871 730 1936 dii
753 1893 810 1957 per
833 1893 964 1938 scenam
988 1871 1152 1938 incedunt
1182 1870 1295 1957 Neque
1320 1869 1414 1935 triste

338 1984 512 2071 quiequam
533 1985 635 2070 inest,
659 1987 802 2072 exceptis
825 1985 990 2052 flebilibus
1013 1984 1172 2071 querelis,
1194 2006 1276 2071 quas
1294 1983 1415 2050 Oretisa

337 2096 449 2164 fundit
475 2103 647 2186 postquem
680 2098 811 2164 rescivit
835 2098 991 2163 maritum
1017 2097 1171 2181 adoptare
1192 2097 1276 2162 velle
1300 2097 1412 2162 Ionem

340 2230 398 2294 pro
420 2210 500 2294 filio,
522 2218 557 2277 et
581 2211 711 2278 insidiis
734 2233 815 2297 quas
839 2210 955 2276 deinde
979 2210 1051 2275 Ioni
1076 2209 1190 2276 tendit.
1242 2211 1348 2294 Haec,
1371 2212 1414 2276 ad

340 2328 538 2388 structuram
560 2322 717 2388 dramatis
741 2344 807 2387 non
832 2322 1032 2406 necessaria,
1058 2322 1178 2388 dixeris
1202 2347 1222 2388 a
1236 2330 1414 2410 poetaesse

340 2436 452 2501 addita
474 2442 513 2501 ut
542 2435 635 2502 fieret
666 2435 807 2501 similius
840 2436 1043 2522 tragoediae;
1073 2436 1130 2502 sed
1149 2438 1265 2504 malles
1290 2439 1411 2505 abesse.

341 2549 428 2614 Nam
451 2549 572 2615 alterae
593 2556 671 2616 sunt
693 2541 927 2616 lacrimosiores
951 2571 1049 2636 quam
1074 2571 1133 2636 pro
1145 2571 1194 2634 re,
1209 2551 1328 2618 alterae
1340 2573 1414 2618 vero

342 2670 411 2727 tam
443 2663 570 2728 immite
593 2663 737 2749 produnt
767 2661 907 2729 (lreiisae
927 2663 1126 2749 ingenium,
1158 2671 1197 2731 ut
1225 2687 1297 2731 eam
1319 2687 1415 2731 nemo

342 2796 408 2839 non
441 2775 611 2842 abhorrere
643 2777 767 2861 possit,
801 2798 902 2862 quum
945 2776 979 2841 in
1023 2777 1130 2862 priore
1162 2777 1291 2844 fabulae
1324 2784 1415 2864 parte

342 2907 496 2972 magnam
527 2888 622 2954 nobis
654 2888 867 2955 commoverit
896 2890 947 2954 sui
972 2890 1234 2956 misericordiam.
1284 2889 1416 2957 Scilicet

268 3049 289 3058 ..
342 3021 380 3065 ea
401 3001 535 3086 mulier,
560 3002 632 3089 ipsa
654 3002 768 3069 furtivi
790 3007 903 3088 partus
927 3001 990 3067 sibi
1013 3002 1160 3086 conscia,
1186 3003 1415 3088 cumsuspice-

343 3122 396 3180 tur
423 3113 595 3201 juvenem,
629 3137 724 3202 quem
747 3115 902 3200 adoptare
922 3114 1058 3179 maritus
1086 3119 1197 3200 parat,
1219 3115 1322 3200 ipsius
1346 3138 1416 3181 esse

343 3228 481 3294 nothum
501 3228 626 3312 filium,
651 3231 685 3292 in
706 3233 837 3294 tantum
861 3227 1043 3293 exardescit
1062 3227 1202 3294 furorem
1218 3234 1241 3312 ¹,
1264 3229 1416 3316 utApol·

341 3412 437 3463 “Stiick
454 3413 497 3462 des
513 3413 647 3477 Euripides
664 3416 745 3463 wedcr
763 3427 827 3478 gana
844 3413 989 3477 Erxthlung
1006 3414 1069 3462 noch
1086 3428 1149 3477 ganz
1162 3414 1255 3464 Drame
1263 3415 1310 3463 ist?
1331 3415 1418 3465 Nennt

342 3508 384 3552 “es
400 3504 534 3553 immerhin
550 3505 590 3554 ein
608 3504 723 3564 Zwitter;
740 3519 825 3568 genug
842 3505 899 3553 dass
916 3504 982 3553 mich
999 3504 1081 3553 dieser
1090 3504 1195 3554 Zwitter
1203 3504 1276 3554 mehr
1284 3509 1417 3569 vergniigt,

343 3593 431 3642 “mehr
455 3593 553 3652 erbaut,
574 3593 610 3642 als
626 3595 666 3644 dis
682 3593 915 3658 gesetamtssigsten
931 3591 1056 3643 Geburtcn
1073 3606 1145 3642 curer
1161 3600 1288 3642 correcten
1305 3595 1416 3644 Recineu

342 3684 420 3732 “oder
444 3682 490 3732 wie
515 3683 552 3732 sie
577 3690 645 3731 const
666 3682 771 3732 heissen.
805 3681 872 3731 Weil
888 3683 932 3730 der
947 3680 1069 3730 Maulesel
1085 3683 1167 3731 weder
1185 3680 1261 3732 Pserd
1277 3683 1341 3730 noch
1357 3683 1418 3732 Esel

344 3773 404 3830 “isa
432 3773 464 3822 ist
492 3787 519 3822 er
546 3774 633 3823 darum
661 3771 774 3836 weniger
801 3773 867 3821 eines
895 3785 946 3821 von
973 3773 1023 3820 den
1050 3773 1205 3821 nutabarsten
1231 3772 1417 3836 lesttregcnden

344 3862 505 3913 “Threicia''

380 3954 385 3984 ¹
421 3953 478 4003 Scio
502 3952 603 4015 quidem
628 3951 748 4002 Creusam
773 3952 826 4001 irae
850 3951 999 4001 interserere
1023 3965 1138 4010 causam,
1161 3953 1226 4015 quod
1250 3960 1323 4015 turpe
1347 3961 1418 4015 putet

345 4042 449 4091 nothum
466 4041 597 4104 aliquando
613 4049 772 4103 regnaturum
790 4040 912 4099 Athenis,
930 4050 957 4089 ut
973 4039 1038 4088 canit
1054 4041 1128 4089 etiam
1145 4039 1235 4089 chorus
1252 4056 1288 4090 vs.
1299 4043 1362 4093 1058
1372 4057 1417 4105 sq:

505 4127 565 4191 μηδὲ
583 4129 639 4178 ποτ’
656 4130 736 4188 ἄλλος
753 4129 840 4178 ἄλλων
857 4128 901 4179 ἀπ’
919 4130 995 4179 οἴκων
1012 4129 1110 4187 πόλεως
1126 4129 1235 4179 ἀνάσσοι

508 4218 577 4279 πλὴν
594 4222 645 4268 τῶν
662 4219 793 4283 εὐγενετᾶν
810 4217 974 4283 Ἐρεχθειδᾶν.
1240 4273 1241 4276 ¹

347 4308 394 4358 Sed
418 4321 491 4355 nemo
514 4310 598 4358 credet
622 4307 663 4356 hic
687 4321 737 4358 non
761 4308 843 4371 potius
868 4310 980 4358 exerceri
1002 4315 1060 4356 nota
1076 4321 1238 4357 novercarum
1255 4309 1318 4358 odia.
1351 4308 1418 4357 Hinc

345 4411 442 4464 quoquc
465 4398 554 4461 liquet,
579 4407 697 4462 quantum
722 4399 781 4448 huic
803 4401 964 4463 dramaturgo
988 4397 1100 4448 offecerit
1128 4411 1161 4446 cx
1185 4399 1285 4462 antiqua
1315 4398 1418 4448 historia

346 4489 475 4538 desumere
491 4488 634 4546 armenem,
650 4489 711 4538 odeo
727 4488 872 4552 plerumque
888 4488 1013 4552 cognitam
1031 4497 1057 4536 et
1073 4502 1119 4536 usu
1130 4487 1297 4546 sencitam‚ut
1307 4489 1420 4538 mutendi
