3284 5338
757 457 816 518 121

292 639 342 704 Ne
377 643 486 704 tamen
510 636 549 702 de
573 637 777 722 argumenti,
808 637 895 722 quod
918 637 952 701 iu
975 622 1035 702 hoc
1058 635 1235 721 specimine
1259 643 1324 701 tra-

249 752 352 835 ctavi,
377 750 513 816 historia
534 751 678 816 literaria
700 751 834 815 omniuo
858 759 999 832 taceam,
1024 773 1128 836 pauca
1149 749 1325 834 hucperti-

250 865 362 930 uentia
385 864 504 930 cursim
528 870 561 929 et
583 863 686 928 veluti
709 863 813 928 obiter
836 841 1052 948 subjungam,
1077 884 1158 947 quae
1182 863 1210 927 si
1227 863 1325 928 bene-

172 997 179 1016 *
251 978 344 1043 volus
378 979 530 1044 lector'a
557 978 729 1044 sterilitate
753 999 868 1062 parurn
898 977 1010 1042 abesse
1041 976 1230 1060 arbitretur,
1267 999 1326 1062 ego

251 1092 388 1177 pedibus
412 1115 449 1158 eo
472 1093 507 1158 in
532 1093 601 1179 ejus
625 1093 839 1170 sententiam3
863 1113 961 1177 quare
978 1096 1011 1156 et
1029 1091 1111 1176 ipse,
1130 1092 1204 1157 huic
1223 1091 1327 1176 operis

253 1206 318 1270 mei
340 1205 426 1290 parti
442 1207 665 1287 subirasceus,
690 1205 816 1270 numeri
841 1205 993 1291 titulique
1012 1205 1165 1270 honorem
1190 1204 1220 1269 ei
1242 1205 1327 1268 invi-

254 1319 355 1384 derim
381 1319 635 1405 simpliciterque
658 1317 849 1404 appellarim
873 1325 971 1403 caput
993 1318 1141 1384 ultz'mum.

299 1431 346 1496 At
367 1431 542 1496 nonnullos
566 1440 650 1498 certe
673 1453 921 1497 commemorare
944 1431 1035 1497 lubet
1054 1430 1139 1496 viros
1158 1431 1329 1516 primarios

223 1587 226 1596 ·
255 1545 290 1608 iu
312 1544 478 1609 literarum
513 1544 678 1628 republica
700 1544 756 1629 qui
779 1543 818 1608 de
842 1543 902 1608 hac
924 1565 958 1608 re
982 1542 1188 1628 scripserunt.
1239 1545 1329 1609 Inter

256 1656 501 1749 antiquissimos
530 1663 605 1740 post
628 1663 756 1720 renatas
779 1654 889 1720 literas
913 1659 963 1720 est
985 1654 1171 1721 referendus
1199 1657 1330 1722 Beroal-

257 1771 337 1851 dus,
361 1767 533 1834 acerrimus
558 1767 613 1832 ille
637 1767 804 1852 Euripidis
828 1762 1040 1851 obtrectatur,
1065 1769 1217 1834 adversus
1235 1791 1330 1855 quem

259 1881 375 1967 tragici
397 1901 527 1945 oausam
552 1879 655 1945 tuitus
679 1885 730 1944 est
754 1878 892 1945 Sabinus
909 1883 929 1944 ¹.
963 1880 1081 1946 Postea
1103 1882 1137 1946 in
1160 1905 1198 1948 eo
1221 1883 1332 1949 deien-

260 1995 364 2060 dendo
384 1998 495 2076 ,atque
518 1991 680 2058 laudando
704 2013 798 2056 nemo
827 2013 861 2056 se
884 1991 1049 2076 praestitit
1072 1999 1139 2058 tam
1164 1971 1332 2062 strenuum

259 2128 357 2194 quam
393 2107 567 2173 Barnesius
583 2107 613 2189 ²,
647 2107 704 2191 qui
735 2105 763 2170 si
791 2087 916 2191 ingenii
945 2107 1093 2172 acumine
1126 2130 1191 2173 non
1224 2108 1333 2174 minus

260 2220 432 2305 polluisset
453 2242 549 2306 quam
573 2226 665 2286 vasta
688 2221 744 2285 sed
766 2220 930 2306 indigesta
953 2219 1102 2304 scientia,
1127 2221 1241 2307 majori
1261 2223 1335 2288 usui

263 2343 348 2400 esset
371 2333 439 2420 ejus
463 2335 646 2400 dramatum
671 2335 920 2420 Euripideorum
942 2335 1050 2400 editio.
1078 2335 1141 2401 Hic
1164 2336 1247 2400 nihil
1270 2357 1335 2400 nou

263 2450 297 2512 in
322 2448 477 2533 Euripide
501 2447 695 2531 admiratur,
716 2447 799 2512 nihil
811 2469 876 2512 non
896 2446 977 2513 false
996 2452 1030 2512 et
1048 2447 1192 2533 maligne
1210 2448 1245 2512 in
1261 2471 1335 2514 eum

264 2584 283 2626 a
313 2560 435 2627 comico
459 2561 583 2627 dictum
615 2567 742 2646 censet,
770 2560 970 2647 argumentis
994 2583 1089 2646 saepe
1112 2584 1152 2628 ex
1175 2563 1338 2650 theologia

263 2661 442 2740 christiana
472 2673 604 2758 petitis,
630 2679 668 2738 ut
702 2672 838 2739 subinde
862 2672 949 2738 dicas
973 2695 1047 2738 eum
1070 2695 1136 2738 non
1159 2674 1198 2740 de
1219 2675 1337 2741 veteris

265 2793 379 2872 poetae
402 2786 552 2871 operibus
576 2786 633 2860 sed
656 2786 696 2851 de
718 2786 862 2872 aequalis
884 2787 1053 2872 cujusdam
1078 2787 1182 2873 Angli
1194 2788 1337 2854 homiliis

267 2921 370 2986 agere.
404 2899 501 2964 Hunc
525 2900 580 2984 qui
602 2899 699 2984 longe
722 2899 886 2984 superavit
908 2899 1156 2984 Valckenarius,
1181 2900 1230 2965 vir
1252 2900 1341 2966 fama

268 3019 301 3078 et
324 3011 504 3078 eruditione
526 3012 649 3077 nemini
672 3012 852 3095 secundus,
874 3034 976 3098 quum
997 3011 1159 3098 plerisque
1180 3012 1215 3076 iu
1238 3013 1340 3098 parti-

269 3103 330 3192 bus
363 3148 438 3192 eum
461 3125 668 3210 impugnaret
691 3131 724 3190 et
745 3124 922 3208 refelleret,
948 3125 982 3190 id
1009 3145 1110 3190 unum
1133 3131 1242 3190 tamen
1266 3148 1341 3192 cum

268 3238 379 3324 Anglo
411 3257 581 3302 commune
604 3236 718 3302 habuit
741 3238 827 3323 quod
850 3237 1039 3324 Euripidem
1063 3238 1221 3324 singulari
1243 3261 1341 3306 vene-

270 3351 394 3416 ratione
428 3348 546 3414 coleret
576 3355 609 3414 et
639 3349 858 3416 “christianae
879 3351 1030 3438 religioni
1052 3351 1203 3418 affinem”
1228 3353 1342 3418 existi-

271 3471 391 3547 maret,
409 3462 637 3547 Aristophanis
655 3468 763 3529 autem
775 3463 898 3550 judicio
914 3465 969 3531 vix
986 3465 1159 3552 quicquam
1171 3465 1342 3551 tribueret,

272 3601 291 3644 a
325 3599 389 3664 quo
414 3577 471 3663 qui
500 3577 664 3662 “turpiter
694 3579 729 3642 iu
759 3600 855 3644 scena
886 3579 1082 3662 violaretur,
1109 3580 1281 3665 Euripides
1314 3582 1343 3648 si

272 3691 345 3778 quis
369 3691 452 3756 alius
474 3697 601 3775 praeter
614 3692 796 3775 Socratem,
813 3692 1083 3778 indignissimus”
1097 3693 1127 3758 ei
1142 3694 1310 3760 videbatur
1320 3707 1341 3760 θ.

274 3805 429 3890 Prologus
460 3810 568 3868 tamen
600 3804 793 3889 Euripideos
823 3806 857 3869 in
890 3785 1105 3890 patrocinium
1133 3829 1198 3872 non
1224 3809 1344 3894 recepit
1433 3846 1439 3865 ι

274 3925 307 3984 et
329 3905 498 4001 Sophoclis
522 3916 661 3982 exordiis
685 3918 827 3983 multum
850 3917 1048 4002 posthabuit.

274 4066 431 4125 ‘'velitscro
447 4066 479 4114 ud
494 4065 603 4128 ipsarum
621 4067 805 4130 tragoediarum
821 4067 952 4117 lectionem
968 4069 1106 4131 perveniet,
1123 4069 1249 4119 dissimilis
1264 4071 1344 4121 Athe-

273 4156 416 4206 “niensibne
440 4156 577 4215 veteribus,
600 4157 642 4220 qui
658 4157 732 4204 nullis
748 4157 890 4220 hujusmodi
906 4156 1030 4206 laboribus
1046 4159 1177 4208 exantlatis
1193 4160 1346 4225 tragicorum

272 4246 385 4295 “iabulns
403 4245 429 4292 iu
446 4245 544 4294 theatro
561 4259 611 4294 non
627 4245 708 4294 solum
724 4244 868 4308 spectabant
884 4245 927 4295 sed
943 4247 1020 4296 etiam
1035 4246 1229 4314 intelligebant.”

308 4335 316 4367 ¹
333 4337 422 4384 Frauc.
440 4333 507 4384 Flor.
525 4334 610 4384 Sabini
627 4335 698 4385 Lect.
715 4334 830 4384 subcisiv.
847 4335 884 4392 11,
900 4349 952 4398 cap.
973 4337 1010 4385 13.

308 4424 319 4456 ²
334 4424 461 4487 Euripidis
478 4439 541 4487 quac
556 4433 644 4474 extant
661 4433 715 4485 etc,
732 4440 806 4488 opera
823 4425 843 4474 1.
861 4426 966 4485 Bar-nes,
984 4425 1056 4476 Cant.
1075 4429 1145 4478 1694.

308 4511 319 4544 ³
336 4513 418 4564 Dian.
434 4529 489 4577 pag.
507 4515 539 4562 46
547 4513 576 4565 O.
