3284 5338
621 1015 795 1094 CAPUT
821 1015 943 1094 VIII.

272 1227 447 1280 EURIPIDES
471 1235 506 1280 IN
530 1230 724 1282 nassonnns
747 1231 977 1284 COMPONENDIS
1001 1235 1110 1289 MALUS
1132 1235 1282 1286 AB'HEEX.

285 1539 451 1606 Hactenus
484 1542 524 1607 de
553 1542 594 1606 iis
625 1538 884 1607 accusationibus
907 1541 1048 1608 vidimus
1068 1559 1149 1628 qnae
1163 1545 1312 1610 'attinent

171 1660 173 1666 ’
237 1653 278 1717 ad
310 1675 360 1730 res
398 1653 439 1718 ab
463 1648 620 1739 Euripide
653 1660 815 1720 tractatas.
842 1653 906 1721 Sed
932 1675 998 1721 non
1021 1657 1172 1723 materies
1196 1658 1311 1740 modo,

236 1766 342 1832 forma
361 1787 489 1852 quoque
510 1767 549 1831 ab
571 1747 791 1852 Aristophane
811 1769 934 1852 passim
956 1765 1114 1854 culpatur.
1139 1771 1179 1835 In
1195 1770 1310 1855 Capite

237 1880 350 1961 tertio,
371 1901 471 1965 quum
494 1901 623 1965 agerem
649 1881 689 1946 de
718 1880 896 1966 Euripidae
917 1881 1159 1970 πολυμηχανίᾳ,
1183 1884 1309 1950 ostendi

234 1994 269 2058 in
306 1993 491 2059 dramatum
523 1977 709 2060 oeconomia
745 2015 820 2060 eum
842 1993 1032 2080 plerumque
1055 2015 1121 2058 non
1143 2015 1214 2060 esse
1237 1994 1309 2061 lau-

233 2105 379 2172 dandum
395 2107 418 2190 ¹,
442 2128 543 2193 quum
564 2107 662 2172 nimis
684 2106 807 2190 multa,
830 2127 930 2191 eaque
949 2127 1064 2189 parum
1089 2092 1307 2186 cohaerentia,

233 2219 267 2283 in
298 2220 437 2306 singulis
471 2219 591 2286 fabulis
628 2219 830 2286 accumulare
854 2219 965 2285 soleat.
991 2219 1063 2285 Hac
1085 2220 1125 2286 de
1147 2242 1181 2286 re
1206 2242 1307 2307 quum

234 2332 348 2397 multis
380 2333 485 2398 verbis
518 2354 625 2398 meam
657 2333 853 2398 senteutiam
871 2331 942 2418 jam
968 2333 1195 2418 explicuerim,
1221 2355 1307 2398 nunc

232 2465 298 2509 non
333 2445 451 2511 iterum
484 2446 599 2512 dicam.
649 2446 713 2512 Sed
733 2446 797 2512 duo
828 2451 907 2511 sunt
933 2445 1016 2528 alia,
1050 2446 1091 2511 ad
1124 2447 1307 2512 dramatum

231 2562 428 2622 structuram
450 2558 662 2642 pertinentia,
689 2559 729 2624 de
755 2559 872 2644 quibus
899 2558 960 2624 hoc
984 2558 1054 2624 Ioco
1076 2560 1303 2645 exponendum

232 2669 295 2734 erit
308 2671 330 2734 ².

276 2782 451 2868 Praecipue
474 2785 508 2847 in
532 2806 665 2850 censum
689 2785 743 2850 hic
766 2785 903 2851 veniunt
924 2785 1071 2871 prologi,
1097 2785 1215 2870 quibus
1240 2805 1305 2849 non

229 2894 409 2980 pepercisse
447 2895 702 2981 Aristophanem
743 2896 816 2981 quis
849 2895 1004 2979 miretur,
1041 2896 1097 2982 qui
1132 2895 1213 2961 sciat
1248 2915 1303 2959 eos

228 3008 371 3093 primurn
394 3008 435 3073 ab
458 3007 615 3094 Euripide
636 3008 811 3094 tragoediis
825 3008 984 3093 praefixos
999 3009 1118 3093 fuisse,
1137 3013 1170 3074 et
1182 3014 1304 3093 quanto

228 3120 384 3186 novitatis
419 3121 493 3187 odio
526 3121 667 3187 comicus
701 3121 876 3206 flagraret?
910 3121 960 3186 De
991 3121 1032 3187 iis
1059 3121 1129 3206 agit
1154 3120 1189 3184 in
1211 3125 1303 3205 parte

229 3233 395 3299 Ranarum
416 3234 630 3320 perridicula,
659 3234 716 3299 ubi
735 3234 917 3318 Aeschylus
934 3233 1163 3310 tribunatius
1184 3232 1301 3299 conde-

227 3353 321 3412 mnat
344 3346 593 3433 Euripideorum
615 3346 798 3412 dramatum
822 3346 962 3412 exordia.
990 3344 1122 3412 Scilicet
1145 3345 1302 3430 Euripide

227 3457 383 3524 recitante
405 3458 527 3544 primos
547 3479 659 3524 versus
684 3479 816 3523 suarum
835 3455 1093 3542 tragoediarum,
1116 3458 1298 3544 Aeschylus

226 3571 353 3655 quoties
376 3571 576 3637 occasionem
599 3571 710 3637 datam
734 3570 797 3636 sibi
819 3571 929 3654 videt,
947 3570 1115 3635 desinente
1139 3571 1301 3638 sententia

260 3796 437 3847 ¹Ariatoteles
460 3798 532 3847 Poeta
560 3798 600 3846 la:
626 3798 667 3847 cal
692 3797 705 3845 ὁ
732 3795 884 3861 Εὐριπίδης,
910 3795 931 3844 u'
948 3798 988 3845 καὶ
1006 3797 1038 3845 τὰ
1055 3795 1124 3843 ἄλλα
1140 3796 1175 3860 μὴ
1193 3797 1218 3844 εὖ
1234 3794 1299 3844 oiso-

225 3887 308 3950 νομεῖ,
324 3886 393 3936 ἀλλὰ
409 3894 454 3936 etc.

256 3974 268 4007 ²
284 3971 401 4026 Fortasse
425 3981 560 4039 praestaret
584 3976 605 4024 si
622 3975 704 4025 omnia
723 3990 785 4040 quae
801 3981 914 4039 spectent
929 3975 961 4023 ad
977 3975 1116 4023 dramatum
1132 3971 1298 4021 oeconomiam

224 4079 274 4114 uno
299 4073 383 4116 tenore
406 4065 573 4126 absolvissem,
598 4066 642 4115 sed
666 4080 718 4114 non
742 4065 827 4115 inveni
854 4064 1000 4113 divisionem
1016 4077 1079 4126 quae
1099 4062 1125 4110 id
1140 4060 1202 4110 mihi
1217 4061 1298 4111 fecere

224 4156 381 4218 permitteret
404 4165 429 4207 et
453 4156 527 4205 simul
549 4155 606 4205 aliis
630 4170 726 4220 quoque
750 4154 889 4205 homiuibus
912 4153 973 4202 setis
994 4159 1059 4202 amet
1074 4149 1212 4215 probabilis.
1229 4151 1299 4214 Quae

223 4245 293 4295 enim
321 4245 450 4310 Capitibus
480 4246 583 4296 II—IV
607 4245 723 4309 exposui,
751 4257 854 4307 canon
877 4242 1015 4292 dissuenda
1038 4240 1196 4300 videbantur;
1220 4256 1298 4305 quum

224 4343 308 4384 autem
324 4336 463 4386 statuissem
480 4336 550 4400 prius
566 4335 597 4384 de
616 4335 690 4385 relata
705 4335 737 4383 ab
753 4332 875 4396 Euripide
887 4331 997 4381 meamne
1008 4329 1297 4394 egere,idquodjemad

224 4422 299 4473 fluam
322 4425 440 4499 perduxi,
464 4413 552 4474 deiude
572 4426 603 4473 de
625 4425 654 4473 iis
669 4438 732 4487 quae
742 4424 858 4484 scrutum
875 4421 915 4470 val
931 4421 1023 4485 stylum
1039 4419 1174 4484 attingunt,
1192 4419 1218 4467 id
1233 4422 1298 4482 quod

225 4528 290 4564 uuna
307 4515 456 4579 aggredior,
472 4515 566 4564 autera
582 4528 631 4562 uon
646 4514 715 4577 'potui
731 4510 795 4561 illud
811 4510 838 4559 in
854 4508 991 4576 digerendo
1008 4507 1196 4558 incommodum.

1145 4599 1162 4659 7
1229 4596 1231 4600 ,
