3284 5338
810 461 851 520 94

294 644 469 710 nonnullos
504 651 772 712 commemoratos
808 644 950 723 vidimus
984 643 1055 710 loco
1093 643 1193 709 allato
1209 652 1238 726 ¹,
1270 642 1370 707 etiam

293 759 328 822 in
361 757 497 824 servatis
529 757 697 842 Euripidis
726 757 847 823 fabulis
869 756 979 842 plures
1006 776 1159 842 personas
1183 755 1370 820 invenimus

293 892 374 957 quas
397 870 539 935 extemis
563 891 691 955 quoque
710 870 864 936 adversae
884 868 1034 934 fortunae
1046 867 1150 953 signis
1168 861 1372 932 miserationi

293 981 520 1068 commendare
554 981 660 1058 voluit
693 986 798 1067 poeta
841 981 891 1046 De
925 980 1067 1046 Menelai
1094 979 1225 1045 sordido
1248 979 1371 1046 vestitu

293 1100 328 1164 in
363 1098 491 1163 Helena
525 1096 655 1181 saepius
681 1118 787 1162 sermo
811 1097 851 1162 fit
864 1099 894 1174 ’;
919 1116 1023 1182 neque
1048 1094 1179 1160 Electra
1202 1095 1237 1159 in
1260 1093 1372 1159 fabula

293 1209 480 1296 cognomini
496 1207 602 1273 multo
622 1209 759 1274 comtior
770 1207 880 1294 prodit
889 1209 910 1272 ⁸.
938 1207 978 1272 In
992 1206 1116 1273 Orestis
1126 1206 1222 1271 initio
1237 1213 1372 1292 apparet

294 1326 386 1390 heros
410 1331 479 1388 tam
501 1320 650 1386 horridus
674 1326 828 1406 aspectu,
853 1330 978 1386 utnon
1003 1320 1109 1406 possit
1131 1318 1243 1406 pejus,
1260 1338 1371 1384 comae

294 1437 455 1525 squallore
478 1440 512 1499 et
533 1433 700 1499 oculorum
724 1434 852 1520 orisque
868 1434 981 1500 illuvie
997 1434 1196 1499 testantibus
1208 1439 1370 1499 recentem

294 1551 436 1616 furorem
459 1543 546 1614 un'de
569 1548 666 1613 modo
678 1549 817 1635 resipuit
828 1552 851 1614 ⁴.
877 1548 1042 1615 Pentheus
1055 1547 1372 1614 Maenadasvisums

295 1661 471 1744 στολισμὸν
505 1660 615 1726 induit
651 1683 724 1727 vere
760 1661 992 1748 Euripideum,
1036 1661 1212 1726 muliebres
1254 1681 1372 1745 nempe

295 1779 402 1840 vestes
418 1777 440 1840 ⁶.
468 1773 521 1841 Sic
545 1795 641 1860 saepe
663 1765 746 1861 quae
768 1775 810 1842 ad
833 1776 984 1842 habitum
1007 1782 1041 1841 et
1063 1775 1190 1840 cultum
1205 1774 1372 1860 pertinent

295 1886 442 1973 aliasque
477 1888 512 1953 id
544 1909 648 1974 genus
681 1888 838 1954 minutias
865 1889 900 1954 in
922 1910 1020 1955 usum
1042 1894 1155 1972 vocat,
1179 1909 1244 1974 quo
1265 1888 1372 1974 magis
1420 1892 1424 1898 '

296 2007 412 2086 tangat
447 2002 639 2086 spectatoris
671 2002 827 2068 animum.
877 2003 1045 2083 Quatenus
1079 2004 1140 2069 hoc
1169 2003 1241 2068 fieri
1262 2001 1373 2090 potuit

296 2112 387 2178 salva
421 2135 535 2180 scenae
570 2114 750 2200 dignitate,
785 2115 934 2202 equidem
969 2113 1109 2182 laudabo
1141 2115 1371 2202 potiusquam

296 2226 452 2312 culpabo;
476 2207 563 2313 quod
586 2228 729 2315 exempli
750 2230 867 2316 gretia,
882 2229 1018 2312 Peleus,
1042 2229 1286 2294 Andromaches
1299 2228 1371 2292 vin-

296 2339 369 2404 cula
403 2340 551 2425 solvens,
586 2365 661 2408 cum
697 2325 847 2409 Menelao
880 2344 1069 2432 expostulat
1104 2343 1144 2408 de
1179 2341 1274 2407 nodis
1303 2347 1372 2406 tem

297 2458 383 2518 arcte
417 2452 581 2520 adstrictis
616 2463 655 2522 ut
682 2457 818 2523 miserae
847 2457 994 2524 mulieris
1018 2479 1135 2523 manus
1159 2461 1325 2522 tumerent
1341 2461 1372 2537 ⁶,

297 2587 363 2630 uon
396 2566 540 2631 multum
575 2589 653 2634 saue
676 2568 775 2636 habet
804 2571 976 2656 gravitatis
1000 2591 1075 2636 cum
1098 2571 1133 2634 in
1157 2569 1260 2655 ipsius
1285 2568 1373 2634 vitae

297 2678 485 2744 discrimine
509 2687 654 2746 versetur
676 2683 920 2768 Andromache,
945 2683 1002 2750 sed
1025 2683 1161 2749 minime
1184 2689 1294 2748 tamen
1322 2689 1374 2748 est

296 2813 551 2878 supervacuum,
581 2815 684 2878 quum
714 2797 792 2862 haec
816 2796 958 2862 Menelai
981 2796 1110 2861 inutilis
1134 2797 1285 2880 saevitia,
1309 2795 1371 2860 im-

296 2906 415 2974 bellem
436 2907 606 2975 mulierem
626 2907 811 2993 cruciantis,
831 2907 935 2975 obiter
947 2913 1198 2974 commemorata
1213 2908 1374 2974 efficacius

331 3147 339 3180 ¹
357 3149 571 3199 Aerumuoscrum
595 3150 699 3200 heroum
724 3150 915 3213 Euripideorum
939 3152 1077 3216 catalogum
1099 3152 1184 3201 ridere
1205 3161 1242 3200 eet
1259 3151 1332 3200 eriam
1350 3152 1376 3200 in

299 3239 438 3302 fragmento
455 3254 489 3288 ex
505 3241 624 3290 Timoolie
640 3239 828 3304 Dionysiamsis
838 3248 936 3290 servato
943 3240 1009 3304 apud
1018 3241 1186 3300 Athenaeum,
1194 3242 1244 3300 Vl,
1252 3257 1309 3306 pag.
1317 3243 1376 3292 223.
1407 3232 1410 3240 ’

331 3324 343 3358 2
358 3327 486 3378 Menelaus
510 3339 561 3379 tem
573 3317 576 3328 ¹
586 3330 696 3394 squalida
711 3340 780 3380 veste
800 3339 904 3394 apparet
920 3339 948 3380 ur
964 3330 995 3378 ab
1011 3329 1108 3380 Helena
1124 3345 1170 3395 pro
1186 3334 1310 3395 praedone
1328 3333 1376 3380 he-

299 3420 391 3470 beatur.
425 3422 471 3470 Vs.
488 3423 546 3474 5612

527 3513 567 3561 rui
584 3515 635 3575 μὴν
652 3513 747 3572 στολὴν
764 3511 787 3576 γ’
805 3515 920 3578 ἄμορφον
937 3515 999 3578 ἀμφὶ
1017 3513 1077 3578 σῶμ’
1094 3516 1167 3578 ἔχεις.

332 3600 390 3662 Ipse
406 3601 437 3647 de
454 3613 481 3648 se
499 3599 627 3650 Menelaus
645 3615 681 3648 vs.
700 3601 774 3652 loeo:

421 3735 425 3744 ,
479 3695 484 3712 ·
529 3690 638 3753 καὶμὴν
656 3689 709 3739 τάδ’
726 3675 906 3758 ἀμφίβληστρα
923 3693 1040 3756 σώματος
1058 3692 1122 3756 ῥάκη

529 3778 728 3843 ξυμμαρτυρήσει
743 3785 868 3829 ναυτικῶν
885 3780 1007 3844 ἐρειπίων.

335 3866 536 3931 Theoolymenus
550 3868 582 3915 de
598 3869 684 3917 eodem
700 3884 736 3920 vs.
757 3869 830 3921 1220:

525 3954 669 4020 Ἀπολλων,
687 3960 720 4017 ὡς
737 3960 820 4021 ἐσθῆτι
838 3960 971 4025 δυσμόρφῳ
989 3961 1085 4023 πρέπει.

336 4046 461 4096 ‘Electra
485 4044 560 4094 hahet
585 4048 697 4110 πιναρὰν
718 4048 798 4111 κόμαν
817 4051 857 4097 καὶ
876 4048 982 4098 πέπλων
999 4051 1078 4115 τρύχη
1096 4052 1143 4113 (vs.
1164 4053 1211 4101 184
1227 4055 1281 4116 sq).
1305 4052 1378 4103 (lons.

303 4137 379 4186 eriam
396 4151 431 4184 vs.
448 4136 497 4184 soa
514 4150 549 4200 sq.
567 4161 597 4172 -
615 4135 698 4186 Senex
715 4151 810 4202 quoque
822 4139 914 4203 τροφός
929 4147 1013 4188 movet
1021 4149 1185 4203 spectatorum
1193 4142 1378 4191 miserationem

303 4227 387 4290 τρύχει
404 4224 511 4274 πέπλων
528 4225 575 4286 (τι.
592 4225 664 4288 ool),
680 4228 794 4277 dominae
811 4227 899 4277 similis
916 4242 977 4292 ergo
993 4229 1113 4280 minister.

337 4313 348 4348 ⁴
365 4314 448 4366 Orest.
464 4327 502 4362 vs.
516 4315 566 4363 219
582 4329 634 4379 sqq.

338 4403 454 4452 ⁵Bacch.
472 4417 509 4450 vs.
526 4404 575 4456 827
591 4419 643 4468 sqq.

338 4493 348 4524 ⁶
365 4491 533 4541 Andromach.
551 4508 585 4543 vs.
602 4494 651 4546 719
668 4509 704 4556 sq.
