3258 5328
839 405 858 466 8

314 591 447 658 Periclis
471 595 626 655 mortem:
652 589 725 654 ideo
748 587 958 673 optimatium
979 588 1126 672 partibus
1151 610 1185 653 se
1207 588 1334 653 addixit
1355 589 1384 670 ¹,

312 705 575 792 necquicquam
608 703 724 769 habuit
754 699 922 788 antiquius
955 721 1050 787 quam
1084 708 1121 766 ut
1143 706 1289 787 tempora
1310 701 1385 766 Ari-

313 818 408 884 stidis
440 824 474 884 et
508 817 654 884 Cimonis
687 820 850 881 revocaret
866 814 890 895 ²,
923 835 981 897 pro
1013 814 1136 880 viribus
1171 815 1255 896 suis,
1280 815 1386 881 multo

312 932 444 1019 quidem
466 931 643 1016 majoribus
667 950 766 1015 quarn
785 928 960 994 hodiernus
986 935 1082 1012 poeta
1101 934 1264 1013 praestare
1275 936 1386 1013 posset

312 1049 345 1110 in
376 1045 470 1110 rebus
498 1044 659 1130 politicis,
693 1043 750 1108 sed
782 1044 829 1107 ita
851 1048 961 1108 tamen
986 1049 1023 1107 ut
1047 1041 1157 1107 minus
1183 1042 1240 1108 ille
1263 1043 1386 1108 valeret

310 1158 457 1224 versibus
480 1179 577 1244 quam
600 1155 657 1221 alii
681 1155 778 1221 multi
800 1162 857 1220 aut
880 1154 995 1240 opibus
1022 1161 1079 1219 aut
1102 1155 1221 1240 gladiis
1240 1155 1261 1221 ³.
1303 1155 1385 1220 Bea-

312 1279 366 1338 tus
401 1269 705 1337 autemvocandus
741 1275 809 1352 est,
845 1270 931 1355 quod
953 1290 1010 1353 per
1037 1269 1152 1353 longos
1174 1289 1276 1333 annos
1301 1289 1386 1333 nuu-
1441 1357 1444 1366 ι

311 1407 408 1470 quam
426 1383 628 1468 desperavit
657 1384 737 1469 quin
763 1405 820 1468 per
846 1405 906 1448 sua
928 1381 1073 1447 earmina
1095 1382 1281 1446 restitueret
1306 1381 1388 1446 civi-

311 1499 388 1564 tatis
432 1496 616 1582 civiumque
663 1496 882 1562 conditionem
926 1496 1118 1580 pristinam,
1164 1499 1197 1559 et
1241 1501 1388 1580 tempora

309 1611 484 1696 praeterita
510 1632 549 1675 ex
572 1631 645 1674 oreo
669 1610 870 1694 protraheret
893 1615 930 1674 ut
952 1608 1151 1693 Aeschylum
1174 1608 1208 1672 in
1222 1609 1386 1673 Ranarum

310 1723 474 1798 comoedia
490 1723 518 1800 ⁴3
554 1744 617 1807 qua
651 1722 684 1786 in
717 1744 750 1787 re
774 1722 898 1788 nescies
923 1727 1032 1787 utrum
1056 1721 1160 1806 magis
1184 1722 1309 1786 mireris
1335 1744 1385 1786 er-

309 1843 415 1900 rorern'
438 1813 581 1920 judicii,
596 1857 660 1921 quo
682 1834 716 1899 id
740 1835 811 1900 fieri
833 1856 928 1919 posse
948 1835 1086 1920 putabat
1109 1835 1197 1920 quod
1221 1857 1388 1921 uunquam

310 1950 433 2015 facturn
457 1957 506 2015 est
530 1971 634 2035 neque
657 1950 733 2031 fiet,
757 1958 796 2014 ut
807 1949 963 2033 temporis
975 1947 1094 2014 fluctus
1107 1953 1192 2014 retro
1204 1949 1387 2030 volvantur,

310 2085 351 2126 an
376 2062 532 2127 invictam
556 2063 659 2127 animi
682 2061 918 2145 constantiam,
944 2083 1007 2146 qua
1034 2083 1202 2147 nunquam
1226 2061 1329 2126 averti
1352 2083 1387 2126 se

310 2183 425 2260 passus
468 2182 518 2240 est
557 2197 695 2259 oscopo
731 2197 827 2260 quern
861 2175 1022 2259 attingere
1053 2175 1247 2257 enitebatur,
1284 2175 1385 2240 donee

311 2287 579 2373 Peloponnesiaci
603 2287 681 2352 belli
704 2288 811 2352 exitus
835 2308 910 2351 eum
935 2286 1045 2351 docuit
1067 2287 1193 2353 nullam
1217 2309 1307 2372 spem
1330 2309 1385 2352 su-

309 2401 598 2486 peresse'miserae
621 2399 754 2484 patriae.
830 2411 835 2426 ¹

356 2515 464 2595 Quum
498 2534 573 2578 vero
606 2511 783 2598 inquireret
815 2514 849 2576 iu
884 2535 996 2578 causas
1027 2513 1123 2579 istius
1157 2513 1387 2596 ochlocratiae,

310 2651 375 2714 qua
401 2629 513 2694 aedem
538 2626 694 2692 Soloneae
717 2626 879 2702 πολιτείας
902 2625 950 2691 ita
967 2625 1038 2712 jam
1062 2627 1235 2693 suffossam
1259 2628 1388 2713 conspi-
1447 2634 1449 2638 '

246 2829 250 2838 α
310 2742 415 2807 ciebat
448 2749 486 2806 ut
521 2722 649 2807 mirum⁸
676 2741 839 2805 videretur
870 2737 941 2806 eam
972 2741 1118 2806 nondum
1152 2763 1283 2827 prorsus
1318 2762 1387 2806 cor-

311 2856 415 2920 ruisse
434 2867 465 2938 0',
504 2855 634 2944 nullam
668 2854 855 2920 inveniebat
887 2861 945 2920 aut
975 2855 1157 2940 propiorem
1193 2861 1251 2921 aut
1282 2855 1387 2940 magis

311 2969 540 3034 exsecrabilem
566 2989 662 3053 quam
688 2967 892 3052 eloquentiae
916 2967 1063 3032 abusum.
1114 2968 1200 3033 Hinc
1224 2967 1336 3033 odium
1355 2967 1386 3033 ei

312 3087 425 3148 natum
453 3079 659 3166 implacabile
682 3080 717 3144 in
736 3079 892 3145 subtilem
908 3080 1097 3166 disputandi
1111 3087 1213 3145 artem
1224 3103 1306 3166 quae
1319 3079 1387 3166 ejus

312 3193 513 3280 temporibus
546 3215 586 3258 ex
610 3192 730 3259 scholis
754 3193 973 3277 sophistarum
998 3195 1030 3258 in
1057 3193 1160 3260 vitam
1183 3216 1388 3261 communem

312 3307 520 3392 irrumpebat.
548 3307 660 3391 Neque
685 3305 719 3369 in
742 3306 837 3371 rebus
863 3307 983 3372 divinis
1008 3307 1102 3373 aliter
1126 3331 1163 3372 ac
1186 3307 1387 3373 inhumanis

265 3644 268 3649 ,
347 3590 353 3620 ¹
372 3590 455 3650 Quum
472 3590 606 3652 Euripides
623 3591 703 3654 magis
721 3591 817 3640 faveret
834 3592 1006 3651 democretius,
1023 3591 1054 3640 cl.
1072 3593 1137 3642 Rau.
1155 3609 1191 3642 vs.
1209 3595 1258 3644 952
1274 3609 1327 3657 sq·

345 3679 355 3710 ²
373 3679 415 3730 Sic
441 3681 549 3738 Demus,
570 3687 699 3744 postquam
722 3681 747 3729 iu
765 3682 884 3746 Equitum
901 3681 949 3730 fine
965 3683 1123 3746 recuperavit
1139 3684 1252 3746 vigorem
1269 3692 1294 3734 et
1310 3685 1389 3733 virtu·

312 3779 373 3828 tem,
391 3778 494 3833 apparet
510 3769 610 3834 οἷόςπερ
627 3769 762 3836 Ἀριστείδῃ
776 3771 897 3838 πρότερον
914 3775 955 3820 καὶ
967 3773 1091 3836 Μιλτιάδῃ
1101 3775 1229 3829 ξυνεσίτει.
1242 3774 1288 3834 (vs.
1301 3755 1385 3835 1326).

346 3861 355 3891 ³
372 3862 450 3923 Vesp.
467 3875 506 3918 vs,
520 3860 569 3908 650
587 3846 627 3924 sqs
639 3875 699 3910 vere
716 3861 751 3910 sic
768 3863 951 3926 Aristophanes
969 3863 1000 3910 de
1017 3863 1068 3911 suis
1085 3863 1172 3912 studiis
1189 3863 1308 3928 loquitur:

409 3951 524 4014 χαλεπὸν
541 3953 587 4013 μὲν
604 3953 644 4000 καὶ
663 3952 744 4012 δεινῆς
762 3953 863 4018 γνώμης
882 3954 921 4001 καὶ
939 3953 1054 4016 μείζονος
1071 3955 1086 4013 ὴ
1105 3954 1140 4002 ’πὶ
1159 3955 1302 4018 τρυγῳδοῖς,

410 4038 528 4088 ἰάσασθαι
546 4039 623 4088 νόσον
641 4039 751 4105 ἀρχαίαν
768 4043 795 4090 ἐν
813 4044 846 4106 τῇ
864 4043 935 4090 πόλει
952 4045 1120 4092 ἐντετοκυῖαν,

345 4127 353 4156 ⁴
372 4127 411 4177 Os.
428 4128 567 4178 Bernhard.
584 4145 641 4193 pag.
660 4131 716 4181 630.

344 4215 466 4264 ⁶Partim
490 4217 576 4290 jocans
602 4218 694 4281 partim
719 4220 783 4269 seria
808 4235 883 4284 agens
909 4220 1021 4269 Nubium
1046 4234 1084 4269 vs.
1100 4220 1149 4270 587
1175 4236 1227 4284 sqq.
1245 4231 1270 4271 et
1286 4223 1383 4273 nares.

312 4307 360 4356 473
384 4320 435 4368 sqq.
459 4315 638 4355 commemorat
662 4307 741 4372 λόγον
767 4293 927 4373 γεροιτέρωῖι,
954 4308 1047 4357 dietum
1069 4309 1236 4380 amajoribus¹
1252 4319 1388 4374 acceptum,

313 4394 507 4444 Atheniensibus
533 4383 587 4443 csse
612 4394 772 4456 δυσβουλίαν
793 4399 931 4458 quandam,
949 4399 992 4447 sed
1009 4397 1068 4462 deos
1084 4397 1149 4446 mala
1166 4398 1224 4447 inde
1242 4399 1347 4450 fluentia
1363 4402 1388 4448 iu

312 4483 401 4530 bonam
417 4491 512 4544 partem
530 4489 626 4531 vertere
644 4483 732 4532 solere.
