3284 5338
749 667 858 732 XXV.

315 807 436 875 catull.
463 813 521 892 68,
549 813 612 873 149
636 809 767 875 malim:
791 833 849 896 quo
869 815 969 895 potat.
1022 886 1024 892 ι

740 987 865 1052 XXVI.

233 1213 237 1222 .
312 1125 455 1209 Propert.
482 1125 532 1206 V,
558 1128 596 1208 5,
621 1127 664 1190 40
688 1146 746 1209 pro
760 1124 883 1190 Litz'bus
901 1123 1034 1188 alternis
1050 1123 1178 1208 legatur
1193 1124 1347 1189 Dentibus

268 1239 407 1304 alterius.

731 1350 880 1414 XXVII.

312 1491 411 1576 Apud
438 1492 609 1557 Iustinum
639 1492 710 1574 ΧΙ,
741 1496 769 1555 l:
797 1496 830 1556 io
855 1513 916 1576 quo
941 1494 1110 1556 orleteile
1132 1491 1287 1574 moderate
1309 1492 1347 1554 cle

268 1627 301 1668 se
324 1604 422 1669 molto
440 1603 683 1688 pollictorem,
711 1613 746 1668 ut
768 1613 942 1688 appareret
953 1603 1055 1687 pluro
1075 1607 1346 1688 eumeoeperimeo·
1422 1627 1424 1634 '
1450 1686 1452 1692 y

269 1722 310 1783 tis
332 1738 511 1798 reservare,
535 1715 681 1782 deleatur
703 1715 869 1782 moderate.

725 1876 890 1940 XXVIII.

314 2006 504 2092 Sophoclem
531 2004 580 2072 Ol.
609 2009 669 2088 93,
696 2008 716 2071 3
733 2027 798 2068 non
815 2025 889 2069 vero
903 2003 953 2069 01.
969 2006 1028 2087 93,
1047 1993 1245 2070 2mortuum
1258 2028 1346 2090 esse,

269 2140 309 2182 ox
340 2116 574 2202 compositione
607 2117 772 2182 Bonorum
795 2115 1026 2200 Aristophanis
1054 2115 1183 2182 videtur
1206 2107 1346 2204 liquere;

269 2232 356 2316 apud
380 2229 617 2310 Bernhardium
640 2229 760 2316 igitur,
787 2229 843 2294 Gr.
870 2226 968 2294 Liter.
997 2228 1105 2312 gesoh.
1136 2231 1188 2312 ll,
1214 2234 1248 2296 2³
1271 2256 1344 2318 pag.

271 2347 333 2408 312
357 2365 415 2428 pro
438 2339 490 2411 01.
515 2339 575 2425 93,
600 2337 960 2426 2.4061egaturol.
985 2338 1046 2423 93,
1070 2339 1103 2410 3.
1126 2339 1212 2418 406.

742 2516 872 2581 XXIX.

314 2654 369 2720 De
397 2649 587 2737 redonering
610 2674 672 2716 van
697 2651 793 2716 Plato
818 2637 982 2717 Phaedon.
1008 2674 1082 2738 pag.
1112 2658 1152 2718 70
1177 2654 1288 2719 0-71
1317 2658 1344 2720 Ε

186 2812 192 2821 ·
269 2769 296 2834 is
320 2769 390 2832 nlet
412 2766 446 2829 in
471 2765 784 2849 overecnstemming
808 2772 877 2830 met
899 2765 939 2828 de
962 2765 1106 2849 logische
1129 2774 1257 2834 wetten.

749 2928 860 2991 XXX.

313 3069 353 3133 ln
377 3069 438 3134 den
464 3069 590 3132 Roman
604 3067 660 3132 der
674 3065 865 3148 Lorreinen‚
888 3065 1002 3131 Eerste
1014 3067 1194 3152 fragment,
1213 3069 1229 3132 I
1243 3091 1287 3134 va.
1302 3073 1344 3133 45

266 3203 306 3248 en
328 3203 402 3266 vgg.
430 3186 532 3246 staat:

508 3290 594 3351 Ende
615 3310 666 3350 oeo
688 3289 836 3350 hemeliko
857 3290 921 3350 niet
941 3291 1012 3362 leet,

508 3386 551 3446 Hi
573 3405 609 3446 en
630 3385 685 3445 liet
705 3385 774 3445 hem
795 3392 932 3446 verstaen
954 3393 1068 3464 geroet,

506 3481 632 3542 Dathise
654 3479 739 3541 beide
761 3481 832 3541 sach
854 3487 883 3541 te
905 3500 1016 3542 samen.

310 3590 350 3654 In
384 3588 446 3653 den
476 3592 602 3654 eersten
635 3587 722 3680 rege]
756 3587 824 3652 leze
852 3610 945 3652 rnen:
975 3589 1067 3653 Ende
1094 3611 1163 3654 soe
1186 3591 1345 3657 hemeliho

265 3703 358 3767 niet
389 3722 437 3766 en
459 3700 539 3782 leet,

742 3837 870 3904 XXXI.

311 3952 394 4017 Ibid.
423 3953 449 4034 I,
475 3953 554 4016 673:

509 4063 562 4124 Soc
584 4063 636 4123 dat
660 4063 692 4124 hi
713 4064 794 4124 bloet
820 4083 901 4124 maer
922 4084 959 4124 en
979 4067 1095 4126 ontfloe.

222 4175 224 4178 ’
311 4171 407 4236 Lees:
430 4170 491 4238 Soc
512 4170 569 4234 dat
594 4169 629 4233 hi
652 4169 742 4235 bloet
767 4191 856 4235 maer
879 4192 953 4235 one
976 4171 1104 4236 ontfloe.

726 4384 888 4410 *QG-⁸⁸·-
