3284 5338
745 467 786 528 85

222 649 396 715 obscoenis
414 649 498 734 jocis
516 672 594 716 usus
613 655 679 733 est,
698 673 738 716 ne
759 651 890 716 vocibus
910 650 1042 736 quidem
1063 648 1302 714 honestioribus

222 764 333 829 velans
358 784 464 828 rerum
489 763 698 847 spurcitiem,
724 768 761 828 ut
783 763 895 829 mirari
918 764 1025 849 possis
1050 784 1115 849 qua
1137 762 1244 828 fronte
1268 760 1301 827 in

221 875 389 941 Ranarum
411 875 524 940 fabula
546 875 701 960 Aeschyli
724 875 831 941 verbis
855 885 983 961 poscat,
1007 882 1046 942 ut
1074 882 1171 962 poeta
1194 877 1303 961 turpia
1369 855 1384 876 χ

220 988 363 1072 occulat,
388 1011 429 1053 ne
451 1009 509 1073 per
532 1010 607 1054 eum
622 987 830 1055 innotescant
852 989 983 1054 adultae
1002 988 1191 1074 juventuti,
1209 989 1301 1073 cujus

221 1101 266 1166 sit
282 1108 470 1186 praeceptor
487 1111 506 1165 ¹.
533 1101 662 1189 Neque,
687 1126 761 1170 cum
785 1104 868 1170 illud
886 1105 997 1172 odium
1016 1104 1212 1187 mulierum,
1237 1126 1301 1191 quo

221 1213 395 1299 Euripides
418 1214 529 1280 ardere
555 1215 737 1301 ferebatur,
761 1218 866 1284 rideat
888 1218 1078 1305 saepissime
1090 1222 1124 1283 et
1135 1217 1187 1283 vel
1199 1217 1300 1283 totius

220 1328 404 1394 comoediae
430 1329 599 1394 materiem
622 1330 699 1396 inde
725 1331 770 1396 sit
793 1338 967 1400 mutuatus
978 1331 1002 1417 ²,
1026 1331 1097 1416 ipse
1109 1329 1299 1396 mulieribus

220 1441 283 1507 vel>
296 1441 427 1507 tantillo
450 1432 555 1528 magis
578 1443 739 1529 pepercit3
785 1445 886 1510 immo
909 1444 1003 1530 plura
1023 1445 1058 1509 in
1082 1441 1300 1532 Thesmopho·

220 1555 356 1620 riazusis
379 1554 554 1620 mulierum
576 1555 703 1642 flagitia
733 1561 941 1653 recensentur
974 1579 1072 1643 quam
1105 1558 1140 1622 in
1173 1555 1299 1622 cunctis

220 1666 387 1752 Euripidis
400 1667 532 1752 fabulis,
546 1676 584 1735 ut
600 1691 673 1735 vere
684 1669 895 1736 observatum
918 1693 938 1736 a
961 1670 1132 1754 Barnesio,
1146 1667 1299 1735 acerrimo

220 1782 335 1868 tragici
357 1787 598 1869 propugnatore
613 1786 635 1848 ³.

224 1900 437 1910 ———..

254 1933 260 1963 ¹
296 1919 359 1984 Reii.
376 1947 414 1982 vs.
433 1933 496 1984 105³
513 1949 579 1998 sqq:

568 2023 742 2087 ἀποκρύπτειν
758 2024 808 2088 χρὴ
825 2025 853 2072 τὸ
872 2024 986 2087 πονηρὸν
1003 2023 1050 2073 τόν
1068 2043 1094 2089 γε
1112 2022 1232 2083 ποιητήν,

276 2099 280 2108 ’
314 2114 356 2163 καὶ
374 2115 409 2178 μὴ
427 2114 552 2179 παράγειν
568 2112 628 2177 μηδὲ
646 2112 779 2163 διδάσκειν·
798 2117 854 2171 τοῖς
870 2115 917 2177 μὲν
934 2115 982 2178 γὰρ
1000 2112 1172 2178 παιδαρίοισιν

315 2203 369 2251 ἔστι
385 2201 536 2260 διδάσκαλος
553 2201 623 2260 ὅστις
639 2201 737 2267 φράζει,
754 2206 810 2260 τοῖς
826 2201 926 2265 ἡβῶσιν
943 2202 968 2252 δὲ
986 2202 1097 2261 ποιηταί.

251 2290 353 2341 Addere
370 2291 440 2340 lubet
456 2290 533 2354 Soph.
550 2290 657 2339 Philoct.
674 2304 710 2340 vs.
728 2291 778 2342 387
794 2305 843 2354 sq.:

674 2377 697 2428 ol
715 2376 735 2428 δ’
752 2377 924 2442 ἀκοσμοῦντες
940 2378 1043 2446 βροτῶν

413 2467 570 2519 διδασκάλων
585 2469 683 2534 λόγοισι
699 2468 834 2532 γίγνονται
850 2468 932 2518 κακοί.

250 2559 346 2609 Locum
362 2573 376 2608 e
393 2558 470 2609 Raris
480 2557 584 2607 allatum
600 2556 699 2606 videtur
715 2557 741 2604 iu
752 2565 836 2606 mente
853 2555 965 2608 habuisse
982 2559 1016 2608 K.
1034 2557 1065 2609 O.
1081 2557 1174 2608 Miller
1190 2556 1235 2608 Gr.
1245 2557 1295 2606 Lit.

218 2649 258 2708 11,
275 2663 331 2714 pag.
348 2649 410 2708 240,
426 2661 482 2698 eum
506 2647 542 2696 ita
557 2647 685 2697 scriberet:
715 2647 793 2696 “Man
811 2660 880 2695 muas
900 2647 1033 2710 gestelen,
1050 2648 1106 2697 dass
1123 2647 1167 2696 der
1191 2646 1295 2697 Dichter

216 2737 269 2786 “im
295 2737 414 2788 Hinblick
441 2737 485 2786 auf
507 2737 575 2786 aeine
600 2735 701 2800 Gegner
726 2735 763 2785 oft
779 2736 877 2786 bessere
892 2737 1038 2801 Principien
1054 2737 1081 2786 in
1097 2735 1197 2787 Betreff
1217 2736 1297 2786 dieses

217 2825 332 2876 “Pnnkts
351 2825 502 2890 ausspriebt,
519 2824 555 2874 als
573 2825 643 2874 erin
660 2825 746 2874 seinen
763 2823 873 2875 Stiicken
890 2825 967 2874 selbst
982 2825 1169 2890 wahrgemacbt
1184 2825 1253 2875 hat'*

251 2913 262 2945 ²
293 2916 398 2964 Praeter
422 2912 706 2976 Thesmophoriaansas,
723 2905 797 2975 cujus
812 2911 909 2961 fabulae
927 2913 1043 2976 inprimis
1059 2913 1191 2963 rideantur
1207 2928 1244 2962 vs.
1260 2915 1294 2963 85

218 3015 243 3054 et
264 3004 313 3053 386
335 3016 400 3069 sqq,
416 3017 464 3054 nec
479 3018 529 3053 non
546 3005 596 3053 466
612 3017 658 3066 sq„
676 3002 707 3051 ad
723 3001 852 3065 Euripidis
869 3003 1037 3068 μισογυνιὶαν
1053 3001 1180 3065 pertinent
1201 3001 1252 3050 loci
1268 3002 1293 3051 in

217 3095 359 3159 Lysistrsta
375 3106 412 3142 vs.
429 3093 479 3142 283
495 3100 521 3142 et
536 3093 586 3142 369
604 3107 640 3155 sq.

250 3183 261 3215 ³
293 3183 348 3232 vit.
374 3183 436 3233 Eur.
462 3196 517 3243 esp.
541 3183 570 3230 4:
597 3180 740 3229 “futendum
765 3187 815 3236 est,
837 3180 864 3227 in
886 3178 1152 3242 Thesmophoriazusis
1173 3194 1224 3229 non
1241 3188 1293 3230 tam

218 3272 396 3336 “Euripidem,
420 3273 539 3321 adversus
561 3285 635 3334 quem
653 3270 740 3319 drama
756 3267 820 3317 illud
835 3269 977 3318 institutum
995 3277 1108 3333 putatur,
1124 3284 1198 3332 quarn
1214 3278 1293 3320 totum

217 3362 370 3412 “femineum
396 3375 475 3426 genus
499 3360 564 3409 huno
588 3359 710 3408 comicum
727 3358 897 3422 perstringere
914 3358 1005 3418 videri,
1022 3359 1141 3422 peculiari
1157 3360 1204 3408 sibi
1219 3363 1293 3411 cavil-

217 3452 301 3501 “landi
326 3451 470 3500 charactere
496 3464 567 3498 usum
594 3460 619 3500 et
643 3450 713 3514 quasi
737 3449 813 3514 genio
830 3465 873 3501 sno
888 3450 1107 3510 obsecundantem.
1139 3451 1209 3501 Dum
1226 3453 1294 3501 enirn

217 3540 379 3604 “Euripidem
403 3555 418 3588 a
435 3537 579 3588 mulieribus
604 3539 797 3588 condemnatum
821 3539 894 3602 fingit
918 3541 983 3603 quod
1004 3541 1035 3588 de
1051 3539 1082 3588 iis
1099 3539 1164 3597 male
1180 3553 1247 3590 esset
1267 3541 1292 3590 in

218 3631 286 3680 “suis
309 3629 443 3694 tragoediis
467 3629 578 3688 locutus,
604 3628 682 3678 multo
707 3629 779 3693 plura
800 3629 873 3677 istius
893 3644 967 3678 sexus
989 3629 1085 3692 flagitia
1108 3630 1134 3678 iu
1155 3631 1229 3679 unica
1249 3631 1293 3681 illu

218 3722 360 3772 “comoedia
383 3719 479 3785 profert
502 3734 576 3783 quarn
603 3721 628 3767 in
653 3719 765 3769 omnibus
790 3719 842 3767 suis
866 3719 1000 3783 tragoediis
1022 3720 1156 3784 Euripides
1183 3735 1293 3784 unquam

219 3810 422 3870 “memoraverim
447 3817 520 3872 atque
546 3809 582 3858 ita
606 3809 753 3871 Euripidem
779 3811 916 3859 accusando
941 3808 1060 3868 absolvit,
1087 3810 1203 3859 mulieres
1228 3826 1289 3860 vero

217 3901 357 3950 “laudando
384 3898 575 3962 excusandoque
601 3898 711 3947 maxime
739 3897 880 3960 denigrat·
903 3925 933 3934 -
956 3897 1044 3959 (Plane
1070 3899 1134 3949 idem
1159 3899 1250 3950 dicitur
1277 3917 1292 3949 a

220 3991 252 4040 Κ.
270 3989 300 4041 Ο.
318 3989 412 4038 Miiller
429 3987 475 4038 Gr.
493 3987 705 4051 Literaturgesch.
723 3988 759 4045 11,
778 4003 836 4050 pag.
853 3989 920 4050 241.)

251 4082 283 4130 In
305 4079 421 4128 mulieres
449 4077 548 4141 scripsit
573 4071 645 4140 porro
670 4077 834 4141 Lysistratam
859 4085 885 4124 et
908 4077 1101 4136 molesmum,
1125 4093 1230 4141 quarum
1257 4078 1291 4128 sa-

219 4171 332 4219 bularum
362 4169 406 4218 illo
437 4182 522 4231 pacem
555 4169 725 4226 commendat,
757 4166 849 4229 passim
882 4175 964 4215 tamen
991 4169 1098 4232 arreptis
1125 4169 1293 4219 occasionibus

220 4258 351 4308 vellicandi
368 4257 499 4308 femineam
525 4256 712 4321 impudicitiam,
737 4256 801 4304 hane
830 4270 890 4304 vero
920 4269 970 4304 non
994 4255 1042 4304 alio
1067 4258 1169 4307 consilio
1197 4259 1294 4310 ridetur

219 4348 383 4412 composuisse
403 4362 476 4411 quam
501 4356 530 4396 nt
555 4346 671 4395 mulieres
694 4345 871 4409 spectatoribus
900 4345 1047 4395 deridendus
1078 4348 1229 4412 propinaret.
1263 4352 1294 4399 In

221 4438 290 4488 Plnti
305 4451 402 4501 qnoque
423 4445 494 4500 parte
512 4435 600 4484 ultima
619 4451 660 4484 eas
681 4436 775 4484 duriter
791 4441 888 4484 tractat.
905 4435 1010 4508 ¹Praeter
1035 4436 1163 4486 libidinem
1180 4441 1294 4502 inprimis

220 4544 305 4578 earum
322 4529 492 4578 temulentiam
508 4527 625 4590 castigat;
643 4527 691 4574 vid.
709 4526 810 4574 Thesm.
827 4539 863 4574 rs.
881 4525 929 4574 630
945 4538 1006 4588 sqq„
1024 4525 1072 4575 692
1088 4541 1138 4591 sqq.
1157 4537 1202 4578 etc.
