3258 5328
841 455 881 518 70

327 639 395 710 Nec
419 659 482 704 nou
507 659 581 706 cum
605 637 712 704 furore
735 635 945 704 illo'diceudi
962 635 1154 722 conjunctus
1171 639 1241 700 orat
1255 655 1394 700 vesanus

328 751 480 837 litigandi
503 757 537 816 et
555 749 704 836 judicum
727 771 859 816 munere
882 748 1040 835 fungendi
1062 769 1163 832 emor,
1187 769 1284 834 quem
1298 746 1396 812 toties

328 863 469 930 comicus
494 864 528 930 iu
552 864 619 932 suis
643 863 768 929 civibus
793 863 919 930 notovit
936 865 962 942 Ι;
987 867 1145 948 queutum
1163 883 1236 928 vero
1251 861 1395 927 hocstu-

329 977 419 1042 dium
444 973 608 1064 φιλόδικον
632 978 736 1044 velere
760 977 907 1044 debuerit
928 977 970 1042 ed
993 976 1178 1062 plebeculae
1199 979 1396 1061 potestatem

329 1090 528 1177 augendam,
562 1091 617 1158 vix
649 1091 808 1182 estquod
832 1095 1020 1158 moueem².
1071 1090 1158 1160 Bene
1181 1088 1396 1175 perspiciebat

329 1203 488 1286 comicus,
519 1211 557 1269 ut
584 1203 719 1289 Spartae
742 1207 799 1280 τὴν
821 1203 1085 1292 φιλοχρηματίαν,
1109 1203 1155 1270 cic
1177 1202 1317 1268 Athenis
1340 1203 1397 1276 τὴν

329 1317 578 1405 φιλορρηματίαν
602 1317 647 1400 (si
670 1317 720 1384 fes
743 1327 795 1383 est
816 1339 933 1383 novem
954 1299 1077 1403 fingere
1090 1316 1280 1402 dictionem)
1297 1315 1397 1384 exitio

329 1429 412 1512 fore,
437 1451 541 1515 neque
565 1435 657 1496 tante
679 1431 720 1496 ab
736 1431 804 1496 ullo
820 1437 953 1496 externo
967 1431 1060 1496 hoste
1076 1437 1199 1516 quante
1213 1429 1254 1497 eb
1268 1429 1398 1495 interne

329 1544 387 1608 illa
407 1548 497 1628 peste
520 1542 662 1628 pericula
685 1544 863 1616 imminere.

375 1656 449 1720 Non
473 1654 591 1720 mirum
616 1655 717 1740 igitur
741 1655 769 1720 si
792 1657 1029 1741 Aristophanes
1044 1657 1118 1721 odio
1128 1656 1243 1723 hebuit
1255 1662 1396 1741 poetam,

331 1769 382 1833 eui
418 1767 525 1833 Suada
556 1767 824 1853 potentissimum
857 1790 977 1836 numen
1007 1769 1176 1840 videbatur
1191 1781 1221 1854 ³,
1247 1776 1280 1836 et
1302 1791 1398 1855 quern

334 1963 344 1966 -
365 1961 567 1970 ——--————--

363 2089 369 2118 ¹
404 2091 499 2139 Notum
523 2101 574 2150 est,
590 2094 733 2157 Vesperum
750 2095 915 2152 comoediam,
933 2094 973 2143 vel
990 2095 1078 2143 selum
1095 2094 1204 2158 priorem
1221 2095 1275 2157 ejus
1293 2102 1397 2156 partein,

329 2179 407 2230 multo
432 2179 583 2232 festiviorem
600 2184 678 2236 alteru
693 2199 754 2248 quse
771 2199 818 2235 uon
836 2185 898 2234 bene
915 2183 1045 2242 cohaeret,
1060 2183 1222 2246 compositum
1239 2197 1293 2234 esse
1309 2183 1341 2231 ed
1357 2184 1399 2233 fla-

328 2269 470 2330 geneceum
486 2271 547 2322 illud
566 2274 758 2336 ριληλιαοτιτδν
774 2273 893 2332 studium,
919 2273 1005 2328 Unum
1023 2273 1103 2331 locunt
1119 2286 1151 2331 err
1163 2286 1192 2326 et
1204 2271 1286 2332 fabule
1297 2272 1400 2330 afferunt

327 2356 504 2419 lepidissimum
521 2374 557 2408 ve.
572 2361 622 2410 800
640 2375 706 2424 sqq.:
1267 2345 1269 2352 ‚

520 2449 615 2509 ἠκηκόη
631 2451 679 2514 γὰρ
697 2450 730 2507 ὡς
747 2449 878 2511 Ἀθηναῖοί
898 2469 960 2500 ποτε

522 2536 646 2586 δικάσοιεν
662 2538 705 2586 ἐπὶ
722 2542 778 2596 ταῖς
795 2537 895 2589 οἰκίαισι
912 2542 960 2598 τὰς
977 2540 1061 2600 δίκας,

521 2623 570 2676 κάν
586 2630 640 2682 τοῖς
658 2625 795 2690 προθύροις
813 2625 1000 2692 ἐνοικοδομήσοι
1018 2629 1070 2685 πᾶς
1087 2626 1154 2692 α’νηρ
1222 2613 1226 2624 “

521 2715 591 2781 αὐτῷ
607 2716 793 2782 δικαστηρίδιον
808 2720 896 2783 μικρὸν
914 2718 992 2781 πάνυ,

522 2804 606 2867 ὥσπερ
623 2803 761 2867 Ἑκάτων,
780 2809 913 2870 πανταχοῦ
931 2807 980 2871 πρὸ
999 2813 1049 2857 τῶν
1066 2810 1158 2874 θυρῶν.

330 2889 463 2942 Praeterea
479 2892 594 2943 notabssis
611 2893 652 2943 hic
668 2894 736 2946 locus
753 2895 818 2945 Nub.
835 2911 872 2944 vs.
891 2896 968 2948 1220:

522 2984 587 3048 ἄταρ
605 2983 723 3033 οὐδέποτέ
740 3002 767 3049 γε
784 2986 833 3044 τὴν
850 2984 960 3050 πατρίδα
977 2992 1133 3051 καταισχυνῶ

522 3075 582 3136 ζῶν,
600 3073 670 3124 α’λλὰ
687 3076 812 3140 καλοῦμαι
828 3076 993 3141 Στρεψιάδην.

328 3157 480 3218 Quibuscum
496 3161 655 3212 conferentur
672 3163 734 3213 hoec
750 3165 916 3228 sycophantae
933 3167 1009 3222 verbu
1026 3167 1123 3218 Arium
1141 3183 1176 3217 vs.
1195 3171 1271 3222 libi:

747 3255 775 3302 τὸ
793 3253 865 3319 γένος
881 3256 910 3304 σὺ
928 3261 1097 3320 καταισχυνῶ·

523 3343 654 3405 παππῷος
671 3341 684 3390 δ
700 3341 760 3402 βίος
777 3348 943 3408 συκοφαντεῖν
959 3345 1013 3394 ἐστὶ
1029 3363 1080 3409 μοι.

330 3425 423 3475 Avium
441 3441 478 3476 rs.
495 3429 541 3480 39:

522 3518 543 3566 oi
561 3521 671 3584 μὲνγὰρ
690 3522 735 3570 οὖν
752 3521 859 3586 τέττιγες
877 3522 920 3572 ἕνα
938 3522 995 3587 μῆν’
1013 3524 1028 3582 ἢ
1046 3523 1090 3573 δύο

522 3606 562 3654 ἐπὶ
581 3612 632 3656 τῶν
649 3607 747 3671 κραδῶν
764 3609 861 3675 ᾄδουσ’,
879 3612 1009 3671 Ἀθηναῖοι
1027 3612 1047 3662 δ
1064 3611 1102 3664 u'ri

521 3694 562 3743 ἐπὶ
580 3700 632 3745 τῶν
648 3696 723 3748 δικῶν
740 3697 829 3763 ᾄδουσι
846 3700 931 3751 πάντα
948 3702 994 3751 τὸν
1009 3702 1080 3764 βίον.

328 3778 369 3828 Sic
393 3779 467 3830 etiem
492 3781 603 3832 Nubium
629 3799 666 3834 vs.
691 3787 754 3838 1176
782 3796 988 3838 commemoretur
1012 3790 1073 3839 illud
1098 3791 1202 3842 α’ττιιιὸν
1216 3793 1324 3856 βλέπος,
1347 3795 1401 3844 ἐπι,

329 3867 423 3930 χώριον
442 3868 511 3927 illud,
529 3873 557 3920 τὸ
576 3873 616 3921 “τὶ
633 3872 712 3937 λέγεις
729 3874 790 3933 eo?

359 3953 370 3986 ²
402 3957 433 4006 Id
449 3959 546 4009 uberius
562 3975 688 4025 exponere
706 3977 753 4012 non
772 3963 845 4025 hujus
862 3973 898 4013 est
916 3967 968 4015 ioci.
997 3966 1121 4018 Videatur
1138 3974 1308 4024 tautummodo
1323 3974 1401 4037 Vesp.
1421 3955 1423 3960 Ι

328 4059 364 4092 vs.
381 4048 443 4101 587:

456 4139 529 4188 ταῦτ’
545 4139 716 4194 ἀνυπεύθυνοι
735 4144 845 4209 δρῶμεν,
865 4144 953 4195 τῶνδ’
971 4147 1058 4196 ἄλλων
1076 4148 1166 4214 οὐδεμί’
1185 4149 1262 4215 α’ρχη.

328 4223 453 4274 Ηαλίοιιιιο
479 4227 581 4288 scilicet,
607 4232 648 4294 qui
669 4231 712 4294 jus
737 4234 851 4285 dicebaut
876 4235 978 4284 coeteris
1003 4238 1133 4297 omuibus,
1157 4254 1189 4289 nc
1212 4241 1402 4305 magistratibus

327 4311 425 4373 quidem
442 4317 565 4380 exceptio,
582 4318 626 4380 ipsi
645 4323 750 4372 neminis
767 4322 870 4374 arbitrio
888 4324 976 4374 subditi
995 4318 1072 4376 eruut.
1105 4325 1239 4378 Caeterum
1257 4345 1402 4393 provocasse

328 4399 416 4449 sufficit
432 4403 463 4450 αδ
480 4404 591 4455 Schocm.
609 4407 653 4457 Gr.
671 4411 725 4459 Ait.
743 4413 765 4470 1,-
782 4428 837 4476 pag.
855 4415 905 4464 492
921 4421 947 4464 et
963 4417 1012 4464 519
1029 4429 1080 4479 sqq.

361 4486 370 4520 ³
403 4489 507 4546 Hecuba
532 4493 557 4541 in
580 4498 720 4558 cognomini
747 4500 830 4550 fabulo
855 4502 901 4564 (vs.
917 4503 976 4567 816)
1002 4512 1074 4556 vocat
1100 4506 1175 4554 πειθὼ
1201 4510 1250 4568 τὴν
1268 4509 1396 4572 τύραννον
