3284 5338
601 1027 1026 1107 SUMMARIUM.

274 1417 549 1494 PROOEMIUM
556 1464 1098 1482 .........................
1106 1439 1179 1506 pag,
1220 1421 1284 1481 1-
1308 1423 1345 1482 4,

418 1537 525 1587 Diversa
547 1533 675 1582 hominnm
691 1533 785 1591 studia,
801 1531 858 1581 hinc
874 1541 960 1582 vetera
975 1532 1122 1591 colentium,

385 1627 452 1677 illine
467 1640 534 1674 nora
550 1621 707 1680 sectantium,
724 1622 798 1670 etiam
815 1621 882 1684 apud
898 1621 1010 1684 antiquos
1028 1624 1120 1686 conspi·

385 1732 433 1767 cna
447 1730 505 1780 pag.
525 1716 536 1764 l
554 1727 619 1776 sqq.;
636 1709 763 1774 speciatim
779 1711 805 1759 in
822 1709 986 1759 simultatibus
999 1725 1123 1774 qnascnur

386 1805 506 1868 Euripide
522 1801 634 1852 exercuit
649 1799 833 1864 Aristophanes
850 1815 906 1864 pag.
924 1801 941 1849 3
957 1815 993 1864 sq.

274 1935 422 2002 CAPUT
446 1934 471 1997 I.
521 1932 570 1995 De
603 1929 710 1994 causis
744 1928 810 1993 odii
834 1928 1064 2013 Aristophanis
1087 1930 1119 1993 iu

500 2043 688 2129 Euripidem
692 2090 1120 2108 ....................
1133 2076 1146 2107 n
1218 2047 1347 2112 5-12.
1392 2035 1396 2040 ’

417 2176 544 2236 Quantum
569 2171 605 2220 illi
631 2171 714 2220 indole
738 2186 753 2218 a
778 2186 804 2219 se
828 2169 936 2218 invicem
955 2170 1124 2234 discreparent

384 2281 440 2328 pag.
457 2264 473 2311 ⁵
490 2278 541 2326 sqq.
558 2262 631 2324 Reip.
648 2274 739 2324 anceps
755 2259 862 2308 conditio
879 2275 935 2324 pag.
952 2259 976 2311 7.
993 2259 1045 2311 Cur
1062 2262 1122 2312 Ari·

384 2354 515 2418 stophanes
531 2353 589 2402 odio
605 2351 707 2400 baberet
717 2350 839 2414 sophistas
851 2359 876 2399 et
888 2350 1002 2400 rhetores
1014 2366 1038 2415 p.
1048 2352 1123 2416 8sq.;

385 2441 500 2506 Euripidi
516 2440 628 2490 infensus
643 2453 688 2503 per
705 2447 781 2488 totam
798 2441 875 2488 vitam
892 2454 950 2504 pag.
966 2443 996 2498 9,
1007 2441 1123 2490 neclenis

384 2534 408 2580 in
425 2531 463 2580 ira
478 2545 536 2593 pag.
555 2531 585 2578 10
601 2543 638 2591 sq.
656 2527 793 2591 Utriusque
810 2528 900 2592 scripta
910 2541 1122 2594 magnaexparte

384 2619 512 2682 deperdita
529 2635 585 2682 pag.
605 2621 641 2668 ll.
659 2619 781 2669 Materiae
797 2618 886 2668 divisio
901 2635 958 2684 pag.
976 2622 1015 2670 12.

273 2751 422 2818 otrus
446 2751 489 2814 11.
539 2749 711 2836 Euripides
735 2750 829 2827 seru·
841 2799 1118 2816 .............
1131 2735 1144 2816 ..'
1196 2755 1343 2818 13-38.

303 2881 317 2940 ξ
336 2881 361 2928 l.
383 2877 448 2934 eain
464 2876 643 2936 Aristophanes
659 2880 706 2925 bac
726 2879 756 2926 de
772 2891 801 2926 re
818 2878 923 2936 dixerit,
940 2891 995 2940 pag.
1020 2877 1123 2927 13-20.

319 3018 321 3024 ,
417 2966 500 3015 Pietas
508 2965 700 3014 Atheniensium
709 2965 837 3029 cujusnam
847 2965 1120 3030 essetsarinaep.13sq.

385 3055 577 3118 Aristophanem
597 3070 643 3104 suo
658 3057 731 3104 modo
754 3070 799 3120 pro
815 3056 937 3118 religione
949 3064 1054 3106 certasse
1065 3072 1122 3120 pag.
1222 3103 1224 3111 .

336 3181 338 3184 -
386 3143 683 3208 ttsqq.Nubiumtabula
698 3159 747 3194 non
764 3146 837 3194 modo
854 3145 980 3195 Socratem
997 3146 1121 3195 sedetiam

383 3234 529 3298 Euripidem
546 3235 597 3298 peti
612 3250 670 3298 pag.
691 3237 720 3284 lli
737 3249 790 3299 sqq.

302 3327 358 3388 Μ.
383 3326 423 3373 An
435 3326 494 3387 jnre
509 3325 685 3386 Aristophanes
701 3327 739 3376 lta
756 3326 872 3387 senserit,
888 3342 945 3390 pag.
960 3328 1066 3378 20-23.

415 3414 547 3478 Euripides
563 3429 651 3466 revera
666 3415 806 3466 incredulus
826 3431 883 3480 pag.
900 3419 945 3476 20;
961 3417 1061 3481 mythos
1077 3432 1119 3466 ex1

381 3503 487 3567 plicabat
503 3518 535 3551 ex
553 3503 653 3567 physica
669 3520 727 3568 pag.
743 3506 789 3565 21;
805 3508 911 3555 candere
928 3507 1028 3556 carebat
1044 3523 1068 3571 p.
1081 3508 1121 3558 22.

301 3595 358 3656 ξ3.
382 3594 506 3650 Quantum
532 3593 658 3653 Euripidis
682 3595 797 3654 impietas
822 3596 876 3658 ejus
893 3597 1030 3657 tragoediis
1046 3610 1120 3646 nacu-

383 3683 440 3744 ortt,
456 3697 513 3746 pag.
531 3684 636 3732 23-33.

415 3773 556 3835 Tragoedia
580 3772 666 3822 Attica
690 3787 747 3822 eum
772 3765 893 3838 religione
909 3783 976 3824 arcte
993 3773 1122 3837 conjuncta

382 3877 439 3927 pag.
447 3863 488 3912 23.
501 3863 613 3925 Regalae
626 3863 802 3913 Aristotelicae
815 3864 873 3913 ibid.
891 3865 1013 3914 Moralem
1025 3874 1121 3928 tragoe-

381 3953 437 4002 diae
453 3952 526 4000 finem
542 3952 590 4002 diis
606 3953 709 4002 sublatis
725 3968 774 4002 nou
792 3967 862 4017 posse
879 3953 968 4018 attingi
981 3969 1037 4018 pag.
1045 3955 1079 4003 24
1087 3968 1122 4017 sq.

382 4041 526 4104 Euripidem
551 4057 576 4090 se
599 4041 646 4090 diis
672 4043 773 4092 credere
798 4042 925 4090 simulasse
950 4029 1008 4105 pag.
1023 4044 1056 4090 25
1073 4058 1120 4107 sq.;

382 4131 507 4181 interdum
535 4141 617 4182 tamen
646 4132 782 4196 prodidisse
812 4131 871 4194 quid
900 4146 988 4180 revera
1018 4134 1121 4182 sentiret

382 4237 438 4286 pag.
454 4222 487 4270 26
503 4234 556 4284 sqq.
574 4220 630 4270 Diis
646 4219 672 4268 in
688 4222 798 4270 dramate
814 4221 917 4269 nimium
935 4221 1018 4271 locum
1034 4223 1122 4272 tribuit

383 4325 441 4374 pag.
458 4311 499 4370 29,
515 4309 579 4372 quod
596 4309 713 4372 probatur
730 4324 762 4358 ea
780 4307 869 4360 Oreste
886 4325 942 4373 pag.
959 4311 1000 4366 30,
1018 4325 1050 4360 ex
1063 4311 1119 4360 Ele·

383 4411 435 4449 ctra
459 4415 516 4463 pag.
544 4401 584 4456 31,
608 4407 634 4448 et
654 4413 687 4448 ex
706 4399 882 4449 Andromache
899 4414 955 4462 pag.
972 4401 1011 4448 32.
1028 4400 1120 4448 Divina

383 4489 564 4552 omnipotentia
579 4497 605 4539 et
620 4489 749 4539 hominnm
764 4489 867 4540 libertas
884 4505 942 4552 pag.
958 4491 991 4538 32
1007 4505 1034 4553 sq
