3284 5338
843 447 885 506 96

329 633 545 718 interipsum
568 637 602 698 et
626 631 817 718 Euripidem
840 631 1034 714 ostendens,
1059 634 1225 695 servatum
1248 632 1299 694 est
1314 629 1402 713 apud

328 744 538 812 Aristotelem
579 744 669 810 Poet.
707 766 775 830 eap.
815 749 876 810 25:
916 743 1085 831 Σοφοκλῆς
1117 743 1188 829 ἔφη,
1221 743 1317 816 αὐτὸς
1346 745 1403 824 μὲν

327 859 416 933 οἵους
437 854 481 922 δεῖ
500 865 615 930 ποιεῖν,
640 854 813 944 Εὐριπίδην
835 853 867 924 δὲ
887 858 948 923 olot
967 859 1045 921 ticin
1058 860 1079 919 ¹.
1102 853 1164 918 Est
1175 859 1213 918 ut
1226 852 1402 938 Sophocles

328 967 427 1046 dixit3
452 966 509 1034 sed
530 967 678 1034 homines
702 970 763 1034 οἶοι
784 971 845 1034 εἶσί
866 986 932 1031 non
958 967 1039 1032 satis
1064 966 1264 1032 conveniunt
1286 986 1401 1031 scenae

327 1079 484 1166 tragicae,
517 1085 551 1144 et
584 1078 669 1145 male
703 1078 827 1144 factum
860 1078 947 1164 quod
971 1078 1144 1164 Euripides
1168 1079 1282 1145 heroas
1305 1099 1398 1160 suos,

327 1196 364 1256 ut
384 1191 509 1257 similes
532 1191 680 1258 redderet
705 1190 893 1256 hominibus
905 1191 1122 1277 quotidianis,
1144 1212 1240 1276 saepe
1252 1188 1400 1256 oblivisci

326 1304 432 1390 coegit
442 1327 476 1370 se
488 1305 635 1372 incedere
643 1305 865 1390 cothurnatos,
877 1305 930 1371 vel
943 1304 997 1390 (nt
1009 1303 1146 1372 Porsoni
1157 1307 1171 1348 ²
1184 1304 1290 1371 verbis
1303 1326 1398 1391 saepe

325 1417 434 1482 allatis
463 1439 523 1504 ego
547 1440 674 1504 quoque
706 1421 794 1504 ntar)
816 1419 1044 1505 Melpomenen
1068 1419 1110 1484 ad
1134 1439 1185 1484 res
1204 1418 1397 1484 domesticas

326 1528 474 1596 detrusit
520 1531 589 1597 Aut
612 1531 711 1596 nimis
734 1531 878 1597 multum
900 1532 953 1597 hic
976 1531 1170 1596 innovatum
1198 1536 1256 1596 aut
1272 1552 1395 1616 parum.

327 1646 434 1712 Semel
468 1646 556 1712 enim
587 1647 723 1713 servatis
757 1647 852 1713 claris
891 1648 1025 1713 heroum
1060 1646 1264 1731 nominibus,
1298 1643 1398 1709 etiam

324 1781 435 1828 eorum
447 1759 602 1846 dignitati
612 1760 847 1826 consulendum
860 1765 947 1838 erat;
967 1761 1018 1826 siu
1031 1760 1217 1846 vulgarium
1228 1759 1398 1826 hominum

324 1873 447 1939 similes
470 1873 694 1960 producendas
716 1873 910 1940 videbantur
933 1874 1078 1940 scenicae
1087 1895 1255 1960 personae,
1269 1872 1397 1938 utinam

324 2008 389 2052 non
420 1986 562 2073 regalem
597 1986 693 2052 modo
717 1987 940 2072 chlamydem,
967 1987 1024 2053 sed
1054 2009 1130 2053 cum
1153 1987 1275 2054 vestitu
1298 1985 1398 2050 etiam

323 2121 441 2187 nomen
463 2100 670 2183 abstulisset,
706 2106 744 2166 ut
766 2101 801 2165 in
823 2101 1037 2166 semideorum
1061 2100 1170 2167 locum
1191 2098 1398 2166 succederent

323 2215 409 2281 cives
442 2215 547 2281 Attici
579 2215 618 2281 de
651 2213 722 2280 foro
753 2215 805 2279 vel
842 2236 859 2279 e
893 2214 996 2280 demis
1019 2214 1150 2280 rusticis
1174 2222 1195 2278 ³.
1229 2214 1395 2299 Apparet,

323 2327 536 2414 Euripidem,
560 2325 767 2394 accedentem
790 2328 832 2393 ad
852 2327 1052 2392 comoediam
1072 2329 1190 2392 novam
1206 2348 1273 2392 non
1285 2331 1398 2392 tamen

322 2440 435 2506 relicta
457 2439 555 2505 veteri
575 2438 760 2524 tragoedia,
784 2439 837 2505 hic
859 2461 986 2526 quoque
1010 2438 1088 2504 dum
1109 2438 1264 2505 duoartis
1278 2460 1398 2524 genera

322 2553 470 2619 funditus
511 2553 638 2619 diversa
677 2552 871 2640 conjungere
914 2552 1042 2635 studet,
1086 2551 1234 2618 neutrius
1267 2551 1396 2638 legibus

322 2667 525 2734 satisfecisse.

319 2876 430 2940 partibus
454 2876 562 2936 tabulae,
586 2877 725 2942 cujusmodi
749 2887 808 2929 sunt
832 2879 917 2937 facies,
944 2879 1021 2937 oculi,
1045 2894 1146 2941 manns3
1171 2881 1198 2930 in
1215 2881 1321 2931 vestim
1337 2897 1397 2933 vero

319 2966 470 3016 ornamentis
486 2967 606 3016 desudare
622 2967 702 3017 solent
718 2967 736 3016 ii
753 2969 796 3032 qui
813 2969 909 3032 majora
924 2971 1039 3034 perficere
1055 2979 1189 3038 nequeupt.

353 3057 494 3106 Discrimeu
519 3056 580 3105 artis
606 3057 759 3121 Aeschyleao
776 3067 801 3108 et
817 3059 967 3122 Euripideae
983 3061 1093 3122 tangitur
1109 3062 1204 3110 Ranar.
1220 3075 1258 3110 vs.
1276 3062 1327 3111 960
1343 3077 1396 3130 ειη.

352 3146 361 3178 ¹
378 3148 418 3196 De
428 3147 498 3210 cnjus
508 3147 555 3195 loci
571 3156 638 3196 recta
653 3147 855 3211 interpretatione
871 3150 1033 3200 consulendus
1050 3150 1164 3214 Lessing.
1182 3151 1271 3200 Hamb.
1281 3152 1396 3202 Dramat.

319 3235 364 3286 N0.
381 3237 414 3284 94
429 3251 465 3300 sq.
482 3235 521 3302 Cf.
538 3251 612 3300 snpra
628 3253 684 3301 pag.
701 3239 734 3288 53
749 3239 806 3289 adn.
828 3241 848 3290 l.
1011 3229 1014 3238 ’

351 3325 362 3357 ²
377 3327 421 3374 Ad
438 3325 532 3377 Orestis
548 3342 585 3376 vs.
603 3328 673 3378 1106.

352 3415 514 3479 ³Eleganter
543 3415 644 3466 Curtius
673 3416 717 3468 Gr.
744 3418 833 3469 Gesch.
858 3417 924 3475 111³,
952 3433 976 3480 p.
1003 3420 1048 3471 70:
1074 3419 1147 3468 “Ans
1172 3419 1220 3468 den
1245 3419 1396 3483 gewaltigen

319 3503 589 3564 “Charektsrmtsken,
616 3507 663 3556 wie
697 3508 733 3558 sie
763 3508 803 3556 tiu
826 3509 867 3559 die
893 3509 1019 3559 Gestalten
1048 3511 1091 3558 des
1116 3508 1250 3573 Aischylos
1275 3510 1396 3559 ertunden

320 3599 434 3653 “waren,
450 3595 517 3644 tituta
535 3593 575 3645 die
591 3597 674 3646 duone
691 3596 795 3648 Stimmc
812 3612 861 3646 von
878 3596 1113 3662 Alltagsmenschen
1131 3599 1246 3648 hervor.''
