3258 5328
824 443 866 504 44

309 625 422 692 cienda
455 625 636 710 praebetis,
669 629 812 709 caetera,
847 625 938 692 illinc
969 624 1207 712 quodammodo
1238 634 1380 708 remota,

308 761 408 804 manu
438 737 556 804 leviore
583 738 739 805 tractatis.
787 739 900 824 Neque
924 737 958 802 in
981 736 1054 806 luce
1076 743 1110 804 et
1132 738 1249 804 umbra
1270 739 1381 826 dispo-

308 851 424 917 nendis
447 850 620 938 quicquam
646 851 738 917 vobis
762 849 889 918 cautius
904 851 1029 916 vitatur
1043 872 1140 937 quam
1154 850 1273 917 vitium
1284 851 1379 937 illud,

308 965 394 1052 quod
417 964 588 1031 vernacule
610 964 740 1050 propria
760 985 837 1030 voce
850 967 860 1005 ¹
873 963 1068 1050 appellatis,
1088 963 1225 1031 Latinae
1240 967 1381 1032 versioni

308 1078 417 1144 minus
458 1086 535 1165 apta
576 1077 633 1144 sed
673 1099 741 1144 rem
774 1077 914 1164 perbene
945 1077 1147 1163 exprimente
1182 1079 1258 1158 (neo
1295 1078 1380 1144 male

308 1191 539 1257 nonnullarum
574 1190 741 1277 Euripidis
764 1190 950 1256 fabularum
972 1190 1129 1256 mendum
1152 1190 1378 1277 designante),

308 1325 372 1390 quo
395 1303 480 1370 oculi
504 1302 692 1386 turbantur,
716 1301 845 1367 nullum
869 1301 976 1368 locum
1000 1301 1203 1368 invenientes
1225 1324 1289 1388 quo
1304 1325 1381 1389 prae

308 1417 441 1484 caeteris
465 1415 651 1482 alliciantur
673 1421 707 1480 et
728 1416 784 1480 ubi
807 1414 1020 1502 requiescant
1069 1414 1194 1482 Eadem
1219 1415 1380 1482 valentde

308 1530 349 1595 iis
379 1551 507 1616 quoque
540 1528 620 1594 artis
654 1527 804 1614 operibus
837 1549 920 1614 quae
950 1550 1017 1593 non
1039 1529 1142 1595 oculis
1166 1529 1224 1595 sed
1246 1529 1379 1596 auribus

308 1629 360 1710 vel
393 1643 493 1712 etiam
530 1641 600 1708 sola
631 1649 741 1707 mente
764 1640 1008 1726 percipiuntur,
1032 1642 1183 1728 inprimis
1207 1649 1317 1708 autem
1340 1643 1381 1709 de

308 1765 377 1823 arte
400 1757 542 1843 tragica,
569 1776 667 1843 quam
691 1762 847 1822 vocarunt
868 1757 1030 1842 picturam
1054 1777 1071 1821 e
1095 1756 1202 1822 verbis
1226 1761 1379 1822 constan-

307 1880 394 1954 tem,
431 1877 469 1934 ut
502 1868 624 1954 pictam
657 1868 803 1934 tabulam
837 1889 953 1954 poema
985 1867 1145 1934 coloribus
1179 1889 1377 1954 expressum.

308 1981 384 2049 Una
422 1983 466 2049 sit
497 2004 567 2067 res,
603 2003 688 2064 unus
723 1979 824 2066 μῦθος
855 1981 912 2068 qui
935 1987 1067 2066 agatur,
1090 2001 1157 2046 una
1179 2001 1317 2065 persona
1340 1980 1381 2045 ad

307 2117 404 2182 quam
436 2093 607 2180 praecipue
638 2093 683 2159 sit
712 2093 965 2176 attendendum,
998 2099 1031 2158 et
1053 2092 1145 2178 cujus
1169 2115 1263 2160 ossus
1287 2093 1381 2159 nobis

306 2207 394 2273 cordi
406 2206 489 2285 sint;
504 2206 666 2292 “denique
678 2204 723 2271 sit
734 2205 863 2290 quidvis
875 2205 1014 2291 simplex
1026 2205 1187 2271 duntaxat
1199 2214 1233 2273 et
1244 2208 1380 2271 unum.’'

308 2320 342 2386 Si
373 2321 437 2386 duo
463 2319 584 2386 mortui
617 2317 716 2384 simul
746 2323 825 2382 sunt
843 2315 1014 2402 plorandi,
1037 2324 1147 2384 utrum
1171 2318 1280 2404 potius
1303 2319 1380 2384 flea-

306 2454 379 2498 mus
403 2433 572 2499 haeremus
596 2429 712 2495 incerti
735 2436 768 2494 et
780 2429 916 2495 fortasse
931 2431 1074 2497 lacrimis
1090 2432 1224 2512 omnino
1235 2431 1379 2498 abstine-

305 2544 423 2610 bimus.
473 2543 509 2610 si
539 2544 649 2629 plures
685 2549 763 2608 sunt
794 2543 967 2628 amandae,
1002 2543 1230 2628 admirandae,
1262 2546 1380 2610 abhor-

306 2658 424 2723 rendae
456 2658 597 2742 tragicae
628 2676 800 2742 personae,
824 2655 917 2721 nulla
939 2657 1070 2742 penitus
1095 2664 1208 2744 tanget
1231 2665 1378 2724 nostrum

306 2769 470 2853 animum,
504 2777 536 2835 et
568 2768 703 2836 affectus
737 2767 771 2832 in
801 2768 895 2834 nobis
926 2769 1113 2836 evocabitur
1136 2778 1194 2835 aut
1216 2770 1298 2835 levis
1322 2779 1380 2835 aut

307 2877 426 2948 nullus.
476 2883 552 2949 Una
576 2887 645 2947 esto
669 2901 750 2966 quae
773 2879 894 2965 primas
922 2902 1032 2947 revera
1055 2888 1133 2968 agat
1152 2888 1273 2967 partes,
1288 2882 1380 2964 nulla

306 2997 419 3062 relicta
447 2995 651 3062 dubitatione
680 3013 790 3058 annon
814 2991 895 3058 duos
913 2993 969 3058 ‘vel
993 2994 1103 3078 plures
1128 2995 1228 3060 etiem
1252 3001 1378 3082 specte·
1469 2967 1477 2984 ,

306 3129 379 3173 mus
403 3107 680 3196 πρωτογωνιστάς.

353 3221 424 3286 Ηοο
456 3220 491 3283 in
514 3239 548 3284 re
571 3239 664 3285 verus
687 3224 784 3304 poeta
804 3241 870 3284 non
892 3219 998 3304 magis
1020 3221 1140 3286 errabit
1162 3243 1260 3308 quam
1284 3242 1378 3287 verus

306 3336 410 3422 pictor
445 3331 495 3398 vel
528 3329 681 3395 musicus.
731 3331 780 3397 Ut
812 3351 914 3395 unum
945 3331 1079 3398 seminis
1108 3355 1246 3419 granum
1278 3345 1379 3398 terrae

306 3446 537 3528 commissum,
567 3442 623 3508 ubi
651 3443 773 3509 radices
796 3444 883 3529 egit,
907 3444 942 3508 in
964 3444 1087 3511 multos
1110 3447 1253 3513 ramulos
1275 3445 1378 3531 pluri-

306 3579 439 3645 mosque
471 3556 589 3621 florum
620 3555 744 3639 calyces
776 3577 811 3621 se
838 3556 1013 3642 diffundit,
1038 3559 1142 3624 sicin
1166 3559 1378 3625 animoboni

307 3671 440 3741 artificis
466 3668 636 3751 materies,
661 3690 758 3754 quam
783 3669 846 3734 sibi
869 3670 987 3756 elegit,
1003 3671 1097 3758 quasi
1112 3671 1219 3757 surgit
1231 3677 1265 3737 et
1277 3694 1377 3758 auge-

307 3786 386 3870 scit,
410 3791 486 3870 post
506 3783 591 3847 inter
614 3782 821 3848 tractandum
846 3785 961 3850 crescit
983 3784 1018 3848 in
1040 3785 1277 3872 cpusplenum,
1291 3786 1378 3851 mul-

306 3899 428 3986 tiplex,
464 3916 601 3980 magnae
634 3895 771 3961 fortusse
805 3895 1051 3982 amplitudinis,
1087 3899 1143 3963 sed
1174 3897 1222 3963 ita
1250 3918 1406 3984 quoque,

306 4012 390 4076 inter
425 4031 458 4076 se
492 4007 681 4092 cohaerens,
715 4015 748 4073 et
778 4013 846 4073 tam
884 4009 1132 4098 “prodigialiter
1162 4011 1306 4095 unum'’,
1340 4018 1378 4075 ut

306 4124 398 4189 nulla
428 4143 503 4208 pars
539 4120 612 4186 tolli
643 4121 748 4207 possit
779 4121 849 4188 sine
878 4123 979 4206 totius
1005 4125 1146 4210 corporis
1170 4124 1374 4193 detrimento

307 4239 429 4303 Contra
461 4234 599 4300 artifices
629 4233 686 4320 qui
718 4239 796 4300 sunt
825 4241 1038 4324 πονηροτέρου
1067 4241 1239 4322 κόμματος,
1269 4242 1379 4302 carent

336 4401 345 4435 ¹
380 4397 566 4451 “summersa''
600 4397 765 4461 Aliqnatenns
790 4407 873 4448 tamen
900 4397 1006 4448 conferri
1031 4405 1113 4462 potest
1130 4398 1235 4448 verbum
1258 4399 1377 4448 Latinum

304 4496 414 4544 horrere.
