3284 5338
359 635 452 714 vesp.
474 653 516 694 vs.
538 639 609 694 763:

998 738 1092 796 τοῦτο
1114 726 1144 794 δὲ

470 822 582 902 Ἀιδης
603 822 750 909 διακρινεῖ
769 829 926 912 πρότερον
948 825 967 900 ἢ
988 825 1045 910 ’γὼ
1066 821 1220 904 πείσομαι·

355 922 463 984 schol:
485 922 543 984 “Iu
564 923 676 984 Cressis
697 922 850 1004 Euripidis
870 923 981 984 Atreus
1000 922 1075 983 dicit
1096 921 1133 982 sd
1150 922 1288 1000 Aeropen
1301 929 1397 1005 κρινεῖ

314 1022 437 1084 ταῦτα.”
459 1017 569 1099 Supple
587 1037 657 1080 eum
677 1019 806 1099 Toupio:
821 1015 934 1095 Ἀιδης
956 1017 1103 1107 διακρινεῖ
1122 1025 1227 1083 ταῦτα·

1046 1124 1160 1186 (rngm.
1176 1123 1226 1172 sss
1241 1122 1329 1184 nus.)

356 1277 440 1342 ltld.
461 1297 503 1338 vs.
525 1283 582 1338 995
604 1297 681 1357 sqq.:

317 1369 459 1447 ffltlyclu·
475 1373 589 1458 πάτερ,
610 1374 724 1458 πάτερ,
745 1376 776 1436 ri
796 1369 976 1448 πέπονθας,

780 1467 963 1526 Philoclem:
987 1467 1087 1550 οἶμαι,
1109 1474 1172 1532 ποῦ
1192 1464 1252 1533 ’σθ’
1273 1464 1373 1552 iidem

366 1563 449 1622 ΒΜ·
472 1564 574 1650 ἔπαιρε
598 1564 725 1629 σαυτόν·

635 1658 716 1717 ΡΜ·
738 1660 802 1724 εἶπέ
822 1687 880 1723 νυν
901 1659 999 1723 ἐκεῖνά
1019 1687 1087 1740 μοι,

477 1756 579 1826 ὅντως
601 1752 778 1838 ιἰπίφυγεν;

719 1848 800 1907 Bdel.
822 1850 860 1924 νὴ
883 1848 942 1912 Δί’.

835 1943 917 2003 Phil.
939 1940 1031 2010 οὐδέν
1053 1944 1108 2025 εἶμ’
1130 1943 1199 2029 ἄρα·

355 2037 421 2097 Hae
441 2038 521 2098 senis
541 2038 676 2117 querelae
698 2043 760 2097 tam
780 2037 892 2098 similes
917 2043 989 2098 suut
1009 2037 1061 2110 iis,
1083 2056 1157 2116 quas
1185 2035 1291 2096 Peleus
1317 2054 1395 2096 nun-

315 2132 393 2192 ciata
423 2132 481 2193 sibi
500 2133 617 2212 nepotis
637 2139 732 2193 morte
753 2131 854 2192 fundit
874 2133 906 2194 iu
926 2131 1069 2192 Androm.
1091 2151 1134 2192 vs.
1157 2136 1234 2192 1076
1257 2148 1334 2210 sqq„
1357 2139 1392 2191 ut

313 2246 375 2286 non
394 2226 519 2287 dubium
540 2228 580 2288 sit
600 2227 674 2304 quin
693 2246 728 2286 eo
748 2227 878 2287 comicus
897 2227 1072 2306 respexerit:
1392 2221 1399 2234 '

335 2321 454 2382 Chorus.
475 2321 495 2386 ἆ
515 2321 550 2395 d,
571 2326 602 2387 τί
621 2320 765 2409 δράσεις,
787 2323 812 2388 ὦ
833 2326 948 2409 γεραιάς
969 2325 1010 2404 μὴ
1031 2327 1141 2409 πέσῃς·
1207 2319 1211 2326 ’

474 2418 578 2505 ἔπαιρε
600 2419 727 2481 σαυτόν·

672 2511 735 2571 Pel·
757 2508 850 2577 οὐδέν
872 2513 942 2594 εἶμ’·
966 2511 1149 2594 ἀπωλόμην.

472 2603 594 2694 φρούδη
614 2611 669 2688 μὲν
690 2603 785 2680 αὐδά,
808 2603 932 2692 φροῦδα
953 2604 980 2671 δ’
1003 2604 1105 2693 άρθρα
1126 2633 1186 2688 μου
1207 2608 1299 2671 κάτω·

353 2702 401 2763 Ad
421 2702 562 2762 ultimum
582 2700 688 2764 horum
708 2719 848 2761 versuum
867 2701 1086 2762 conformatum
1106 2720 1168 2761 esse
1190 2700 1325 2763 Nubium
1349 2721 1392 2762 vs.

314 2802 372 2859 718
393 2797 469 2857 mihi
489 2815 550 2857 non
570 2795 763 2875 persuadetur
783 2816 801 2855 a
820 2795 866 2856 W.
889 2796 1054 2856 Ribbeekio
1074 2797 1115 2856 l.l.
1137 2815 1204 2876 pag.
1226 2801 1295 2857 288.

352 2990 434 3054 ltiu.
457 3010 499 3051 rs.
523 2995 614 3051 1074:

470 3083 589 3171 ῥᾳδίως
610 3087 671 3172 ἐγὼ
694 3083 822 3159 διδάξω,
844 3086 902 3151 κᾶν
923 3088 1063 3168 ἄμουσος
1086 3087 1106 3174 ᾗ
1126 3090 1163 3153 τὸ
1183 3093 1276 3176 πρίν-

353 3181 459 3241 Versus
480 3184 525 3240 est
546 3178 699 3258 Euripidis
719 3198 735 3238 e
757 3179 953 3250 Stheneboea,
975 3200 1032 3243 sec.
1053 3181 1144 3242 schol.
1181 3183 1227 3243 De
1248 3182 1301 3243 illo
1322 3182 1387 3242 loco

312 3274 464 3354 Euripidis
494 3274 556 3352 egit
587 3275 728 3336 Valokeu.
761 3275 858 3336 Diatr.
878 3295 947 3354 pag.
968 3281 1143 3350 uos-207,
1166 3278 1218 3356 qui
1238 3277 1325 3338 docet
1345 3296 1389 3338 se-

311 3371 439 3432 eundum
459 3376 578 3431 tantum
599 3378 714 3449 partem
734 3371 826 3448 hujus
842 3391 943 3434 versus
960 3379 1089 3433 sumtum
1105 3392 1167 3434 esse
1184 3393 1219 3433 ex
1230 3373 1386 3452 Euripide,

310 3465 389 3526 hune
410 3470 510 3526 autem
531 3466 573 3538 sic
594 3466 744 3544 scripsisse
765 3466 859 3543 (Plut.
881 3467 957 3528 Mor.
978 3487 1008 3547 p.
1031 3473 1088 3528 622
1111 3468 1162 3547 O):

789 3565 921 3639 ποιητὴν
943 3559 969 3628 δ’
991 3564 1051 3650 άρα

471 3656 551 3742 ἔρως
573 3652 724 3729 διδάσκει,
747 3656 805 3721 κᾶν
826 3658 968 3741 ἄμουσος
989 3659 1009 3745 ᾖ
1030 3661 1066 3724 τὸ
1089 3663 1174 3746 πρίν·

1039 3768 1151 3832 (rrsgm.
1168 3769 1218 3818 see
1233 3768 1320 3830 nina.)

352 3930 435 3994 lbld.
465 3949 508 3990 vs.
542 3933 618 3990 1159
650 3947 693 4008 sq.
726 3929 898 3992 Philocleon
928 3930 964 3990 de
995 3930 1150 3992 Laconicis
1171 3932 1290 4007 calceis,
1313 3952 1386 4012 quos

310 4026 389 4086 filius
409 4024 437 4084 ei
457 4020 524 4085 vult
544 4023 680 4097 induere,
701 4024 746 4084 ita
766 4024 922 4085 exclamat:

471 4123 532 4206 ἐγὼ
553 4122 616 4208 γὰρ
639 4119 679 4185 ἂν
699 4117 813 4194 τλαίην
834 4116 1053 4195 ὑποδήσασθαί
1073 4151 1147 4188 ποτε

471 4213 598 4304 ἐχθρῶν
619 4215 691 4301 παρ’
713 4211 838 4299 ἀνδρῶν
859 4212 991 4298 δυσμενῆ
1012 4221 1197 4300 sarrensem

310 4310 348 4373 In
386 4311 477 4371 altero
512 4328 598 4368 versu
633 4309 704 4371 satis
740 4308 895 4368 manifeste
925 4310 1068 4371 alluditur
1099 4313 1136 4372 ad
1168 4306 1321 4392 Euripidis
1351 4314 1383 4372 in

310 4407 477 4468 Heraclidis
498 4424 614 4468 versum
637 4407 726 4465 1006:

470 4501 586 4590 ἐχθροῦ
608 4501 739 4576 λέοντος
761 4497 893 4582 δυσμενῆ
914 4501 1135 4587 βλαστήματα.
