3284 5338
853 433 915 496 130

375 612 453 676 tut.
474 631 516 673 vs.
541 617 617 674 1397
639 614 681 702 sio
701 615 808 676 chorus
830 613 1040 693 Phidippidem
1062 613 1237 693 alloquitur:

395 710 454 774 cdv
475 708 587 794 ἔργον,
610 711 634 773 ὦ
656 715 771 776 κοινῶν
793 713 877 776 ἐπῶν
899 711 1005 784 κινητὰ
1029 715 1076 775 καὶ
1098 709 1276 797 μοχλεντύ,

393 801 488 869 πειθώ
509 832 578 870 τινα
600 804 718 880 ζητεῖν,
741 810 831 882 ὅπως
854 801 958 880 δόξεις
979 804 1085 891 λέγειν
1107 802 1218 870 δίκαιο-

375 897 435 958 Ηίο
454 898 612 978 respicitur
632 898 756 960 Medeae
776 919 820 962 vs.
843 903 935 960 1317:

494 998 525 1060 ri
544 991 638 1061 τύσδε
659 1004 752 1072 κινεῖς
774 993 1022 1082 κᾶνομοχλεύεις
1044 993 1163 1070 utillum

333 1089 481 1150 Porsouus
500 1088 642 1168 conjecit,
665 1090 698 1150 in
717 1090 815 1170 priore
835 1090 1005 1152 recensione
1025 1088 1166 1163 Medeae,
1188 1107 1280 1168 quam
1298 1089 1349 1150 ille
1366 1109 1416 1150 ex-

333 1185 429 1246 titisse
450 1185 631 1264 suspicatur,
652 1204 706 1264 pro
727 1186 834 1262 πύλας
856 1184 1032 1264 Euripidem
1043 1185 1167 1272 λόγους
1181 1183 1347 1264 scripsisse,
1364 1185 1416 1246 sed

332 1278 431 1339 locum
451 1283 554 1358 postea
573 1279 749 1354 mutavisse,
770 1279 876 1340 comici
898 1283 1059 1340 scommate
1079 1284 1256 1358 permotum.

374 1407 458 1471 lltld.
478 1427 521 1468 vs·
545 1412 637 1470 1415:

394 1502 526 1569 κλάουσι
546 1500 670 1578 παῖδες,
693 1502 857 1592 ruripud'
880 1506 918 1570 ot
940 1504 1047 1570 κλύειν
1070 1501 1172 1580 δοκεῖς

909 1596 965 1676 [σὺ
986 1609 1113 1686 χρῆνοι;
1134 1598 1171 1658 V.
1194 1599 1239 1660 Ol.
1263 1599 1374 1680 Cobet]

334 1690 493 1752 admodum
524 1693 620 1753 faceta
650 1695 772 1772 parodia
801 1695 959 1754 verborum
985 1693 1120 1754 Pheretis
1140 1693 1179 1753 ad
1199 1693 1361 1755 Admetum
1383 1695 1416 1754 in

334 1787 484 1848 Alcestide
506 1787 659 1866 Euripidis
680 1808 723 1849 vs.
746 1793 817 1850 691:

494 1888 616 1972 χαίρεις
637 1888 723 1970 ὁρῶν
746 1890 830 1972 φῶς,
852 1888 968 1973 πατέρα
991 1883 1018 1951 δ’
1040 1887 1077 1950 οὐ
1100 1890 1222 1972 χαίρειν
1244 1883 1359 1960 densim

374 2016 468 2094 vesp.
490 2033 532 2075 vs.
555 2020 610 2073 111
634 2033 690 2090 sq.:

492 2109 606 2176 τοιοῦτ’
629 2109 734 2176 ἀλύει·
757 2109 1005 2195 νουθετούμενος
1029 2108 1055 2176 δ’
1078 2110 1123 2175 risi

494 2203 622 2288 μᾶλλον
645 2201 768 2279 δικάζει.

375 2299 471 2360 Schol.
502 2299 588 2360 docet
619 2298 691 2358 haec
717 2318 779 2360 esse
804 2300 986 2360 conformata
1008 2298 1183 2360 adversum
1204 2319 1239 2359 ex
1261 2299 1415 2379 Euripidis

335 2394 530 2454 Stheneboea:

493 2489 607 2555 τοιαῦτ’
631 2489 718 2555 tlte
740 2488 987 2573 νουθετούμενος
1008 2489 1105 2578 ἔρως,

334 2601 409 2662 quae
430 2601 466 2644 er
487 2583 567 2643 Plut.
588 2582 665 2644 Mor.
687 2602 715 2662 p.
738 2589 774 2644 71
792 2583 820 2643 Α
841 2584 883 2644 sic
904 2583 1100 2644 emendanda:

494 2679 606 2744 τοιοῦτ’
628 2677 728 2744 ἀλύει·
752 2678 996 2761 νουθετούμενος
1019 2676 1045 2745 d’
1066 2679 1145 2766 ’ἔρως

494 2773 620 2857 μᾶλλον
641 2774 745 2849 πιέζει·

1068 2855 1180 2917 (Eragm.
1197 2855 1247 2903 668
1262 2853 1349 2917 Dind.)

375 2999 457 3063 ibid.
478 3017 520 3059 vs.
541 3001 599 3058 312
621 3015 665 3076 sq.
685 2995 765 3058 filius
785 2995 929 3069 dicustae,
951 3016 1055 3058 verens
1075 3015 1113 3057 ne
1126 2995 1214 3057 hodie
1233 2995 1332 3056 desint
1346 2995 1415 3056 lites

334 3094 484 3173 igiturque
504 3097 588 3173 pater
608 3092 785 3153 dicasticum
805 3111 866 3153 uon
887 3092 1027 3170 accipiat,
1050 3093 1092 3153 sic
1114 3093 1259 3170 queritur:

493 3193 523 3254 εἰ
542 3217 577 3271 με
600 3186 672 3263 δῆτ’,
697 3189 721 3253 ὦ
743 3187 837 3270 μελέα
857 3198 965 3274 μῆτερ,
989 3187 1116 3263 irruerem

333 3285 381 3344 oui
402 3289 487 3364 pater
506 3282 676 3362 respondet:

492 3380 533 3445 ‘iv'
554 3382 618 3463 ἐμοὶ
639 3381 807 3467 πράγματα
828 3377 960 3465 βόσκειν
982 3383 1134 3466 παρέχῃς.

333 3493 409 3553 quae
428 3474 518 3535 verba
538 3493 601 3535 esse
621 3491 781 3552 puerorum
795 3473 968 3533 Minotauro
982 3472 1198 3534 destinatorum
1212 3472 1245 3532 in
1260 3471 1415 3550 Euripidis

333 3567 461 3642 Theseo,
493 3567 567 3628 dicit
601 3567 743 3627 scholion.
786 3566 934 3645 Equidem
965 3566 1021 3626 hoc
1047 3566 1196 3640 scholion,
1216 3565 1296 3646 quod
1316 3566 1415 3627 verbis

331 3665 499 3751 πράγματα
529 3660 661 3748 βόσκειν
683 3660 865 3740 adscriptum
886 3660 1013 3739 legitur,
1035 3660 1139 3721 malim
1160 3660 1198 3721 ed
1218 3660 1313 3721 solum
1335 3661 1415 3739 prio-

333 3777 395 3818 rem
415 3776 533 3818 versum
554 3757 671 3817 referre.

375 3852 468 3914 Seuer
489 3851 584 3913 addit:

495 3947 652 4023 ἀνόνητον
674 3945 723 4022 ἄρ’
745 3949 770 4010 ὧ
794 3945 945 4012 θυλάκιόν
967 3949 995 4012 σ’
1017 3947 1107 4035 εἶχον
1129 3947 1267 4032 ἄγαλμα·

334 4041 491 4120 respondet
510 4041 603 4101 filius:

492 4139 506 4203 ἓ
529 4136 558 4209 ἕ,
579 4136 665 4222 πάρα
687 4141 752 4220 νῷν
774 4133 943 4210 στενάζειν·

375 4231 435 4291 Hic
455 4231 488 4291 in
507 4231 600 4292 risum
621 4235 779 4291 vertuntur
799 4230 889 4290 verba
910 4228 1084 4310 Hippolyti,
1103 4237 1177 4290 teste
1198 4229 1310 4292 scholio
1332 4230 1415 4292 simi·

217 4401 218 4404 Ἴ
333 4325 403 4386 liter
423 4325 455 4385 in
476 4325 590 4386 Theseo
610 4325 806 4386 occurrentia:

496 4421 652 4495 ιἰνόνντον
674 4420 801 4506 ἄγαλμ’,
824 4421 848 4485 ὦ
870 4422 967 4506 πάτερ
974 4463 983 4494 ,
1009 4421 1120 4487 οἴκοισι
1141 4422 1247 4488 τεκών.

989 4515 1101 4578 (Eragm.
1119 4516 1180 4574 389,
1196 4517 1246 4566 390
1261 4515 1348 4577 Dind.)
