3258 5328
767 497 785 560 3

236 679 394 765 partium,
429 700 565 764 quarum
599 680 657 745 hae
682 685 829 761 servant,
863 679 940 745 illae
974 687 1123 759 mutant;
1150 681 1209 748 hae
1233 691 1311 750 nota

236 789 380 866 tuentur,
422 783 497 847 illae
532 783 645 869 ignota
679 789 813 869 petunt3
850 783 910 848 hae
936 785 1185 869 auctoritatem,
1215 809 1311 872 saepe

237 886 407 969 serviliter,
437 886 620 970 vindicant,
655 887 731 951 illae
754 887 956 970 libertatem,
989 910 1124 975 eamque
1145 912 1218 954 vnon
1241 913 1311 954 raro

237 990 406 1073 effrenem,
432 1027 474 1038 —-
498 991 611 1056 harum
636 991 738 1076 igitur
763 991 910 1076 partium
927 992 1036 1057 studia
1051 1002 1311 1060 mutuosecom·

237 1095 329 1180 plent
363 1101 401 1159 ut
435 1094 517 1159 arsis
550 1101 584 1159 et
615 1095 733 1178 thesis,
767 1101 804 1159 ut
835 1095 918 1160 duae
940 1097 1053 1162 lances
1078 1119 1158 1182 quas
1182 1099 1313 1183 copulat

232 1197 367 1282 jugum,
393 1202 430 1263 ut
453 1197 583 1282 nigrum
608 1197 802 1282 albumque,
826 1204 859 1263 et
877 1219 1085 1284 quaecunque
1100 1200 1165 1264 alia
1178 1201 1263 1265 inter
1279 1223 1313 1265 se

238 1300 388 1384 opposita
427 1306 463 1364 ct
507 1305 618 1365 tamen
656 1299 720 1365 sibi
753 1293 891 1365 invicem
926 1302 1107 1367 necessaria
1147 1303 1314 1368 nominare

237 1423 375 1486 possem.
412 1401 487 1467 Non
511 1409 612 1468 staret
635 1402 796 1486 mundus,
822 1425 862 1468 ne
885 1425 942 1488 per
954 1426 1056 1469 unum
1070 1405 1201 1490 quidem
1212 1405 1311 1486 diem,

238 1505 302 1570 nisi
335 1506 382 1570 vis
416 1506 641 1591 centrifugalis
676 1514 941 1590 compensaretur
972 1507 1005 1570 vi
1028 1508 1222 1592 centripeta:
1248 1531 1313 1574 non

238 1609 387 1674 homines
410 1632 485 1675 vere
507 1610 656 1674 homines
673 1616 801 1691 essent,
819 1608 885 1675 nisi
902 1611 1065 1676 sentiendi
1082 1611 1202 1676 rationi
1217 1633 1313 1696 quam

239 1712 405 1778 liberalem
428 1713 480 1778 vel
503 1713 677 1778 radicalem
702 1718 755 1798 (ut
770 1714 935 1779 vocabulis
952 1720 1025 1779 utar
1042 1736 1158 1799 parum
1171 1713 1314 1801 Latinis)

239 1815 402 1901 appellare
432 1817 573 1881 solemus
597 1817 719 1882 sociata
742 1821 828 1882 esset
857 1817 960 1882 altera
983 1839 1020 1881 ea
1042 1839 1139 1902 quam
1163 1838 1314 1883 vocamus
1342 1899 1344 1904 Α

240 1919 454 1984 orthodoxam
478 1919 529 1984 vel
553 1919 817 1984 conservativam.

287 2021 449 2107 Quicquid
471 2022 505 2086 id
522 2029 587 2104 est,
605 2043 718 2106 operae
735 2043 812 2086 sane
824 2023 966 2106 pretium
978 2023 1106 2088 videtur
1119 2045 1159 2088 ex
1171 2023 1315 2108 priorum

240 2147 391 2192 aevorum
423 2124 569 2210 reliquiis
604 2124 756 2189 litorariis
781 2125 967 2208 ostendere,
992 2127 1174 2212 antiquitus
1198 2124 1314 2190 iisdem

243 2253 280 2297 ac
303 2228 399 2294 hodie
422 2228 571 2313 procellis
596 2233 721 2292 mentes
746 2229 905 2294 humanas
925 2229 1027 2294 fuisse
1041 2229 1196 2313 jactatam
1214 2249 1317 2314 neque

242 2332 364 2398 incolas
398 2331 587 2412 civitatum,
623 2353 704 2416 quae
737 2338 812 2396 ante
836 2331 943 2397 multa
965 2333 1094 2398 saecula
1117 2332 1159 2397 ad
1182 2332 1316 2397 Ilissum

244 2437 295 2501 vel
326 2434 368 2499 ad
390 2433 529 2499 Tiberim
559 2432 711 2516 floruere,
743 2440 912 2520 tantopere
936 2459 955 2500 a
980 2435 1073 2500 nobis
1099 2435 1315 2520 discrepasse,

243 2538 300 2604 sed
322 2535 474 2602 habuisse
499 2536 610 2600 eadem
636 2536 760 2619 studia,
791 2537 825 2601 in
850 2539 981 2604 eosdem
1005 2559 1123 2603 errores
1148 2537 1316 2617 incidisse,

244 2641 356 2706 eadem
380 2638 562 2704 exercuisse
585 2639 667 2703 odia.

287 2743 327 2808 Id
355 2741 520 2809 luculente
553 2741 694 2827 quodam
721 2742 870 2827 exemplo
895 2743 1117 2810 demonstrare
1139 2743 1222 2808 mihi
1242 2764 1316 2828 pro-

243 2846 337 2932 posui
362 2859 404 2911 ex‘
425 2835 529 2910 literis
555 2845 686 2910 Graecis
709 2840 824 2930 petitoss
863 2845 950 2911 Nota
974 2851 1024 2912 est
1047 2845 1222 2910 inimicitia
1233 2867 1315 2931 quae

243 2949 426 3015 intercessit
457 2948 541 3012 inter
575 2948 830 3033 Aristophanem
861 2959 893 3012 et
928 2949 1140 3034 Euripidem3
1165 2949 1317 3014 sedtum

244 3054 375 3119 demum
397 3052 495 3138 plane
520 3051 662 3137 intelligi
686 3057 719 3116 et
742 3057 826 3116 recte
845 3052 988 3138 judicari
1011 3053 1093 3118 mihi
1118 3074 1212 3138 posse
1228 3052 1317 3116 vide·

244 3163 308 3239 tur,
340 3177 414 3221 cum
446 3154 511 3219 late
543 3152 838 3236 circumspicimus,
876 3175 939 3218 non
975 3156 1080 3220 solum
1107 3155 1260 3240 temporis
1284 3165 1318 3220 et

244 3259 357 3346 populi
391 3258 504 3323 habita
539 3257 681 3338 ratione,
718 3256 775 3321 sed
808 3257 908 3322 etiam
943 3257 1053 3342 legum
1093 3259 1317 3323 universarum

246 3365 362 3450 quibus
386 3368 512 3426 mentes
538 3359 725 3425 mortalium
742 3366 776 3424 et
791 3361 934 3424 humana
950 3368 1067 3426 cuncta
1082 3362 1316 3447 obtemperant.

248 3469 284 3535 si
315 3468 395 3532 bene
426 3466 603 3548 intuemur,
636 3465 843 3550 agnoscimus
879 3466 1112 3551 antesignanos
1145 3466 1320 3532 earundem

245 3593 344 3658 prope
367 3569 548 3634 factionum
571 3575 604 3633 et
627 3567 838 3653 opinionum,
862 3590 944 3653 qnae
962 3591 1019 3654 per
1035 3574 1138 3634 totam
1150 3569 1318 3635 historiam

247 3681 324 3740 sunt
347 3672 480 3754 obviae,
509 3693 568 3736 nec
593 3671 687 3734 valde
714 3670 877 3736 diversum
901 3672 955 3757 agi
978 3672 1103 3741 bellum
1123 3679 1257 3758 apparet
1280 3673 1320 3737 ab

247 3800 298 3860 eo,
331 3776 418 3862 quod
445 3774 567 3839 nostris
600 3775 799 3859 temporibus
823 3775 1039 3840 multifariam
1065 3785 1211 3842 aestuare
1229 3777 1320 3842 vide·
1396 3833 1397 3836 ,

247 3902 339 3945 mus:
360 3899 481 3944 novum
505 3877 592 3942 inter
613 3883 646 3941 et
669 3877 851 3962 antiquum.
894 3878 1070 3965 Utriusque
1094 3885 1208 3964 poetae
1228 3880 1320 3965 inge-

247 3985 338 4048 nium
361 3991 393 4047 et
416 3981 526 4047 studia
549 4002 615 4044 non
639 3987 778 4065 possunt
799 3981 953 4066 explicari
976 3982 1041 4048 nisi
1065 4005 1105 4048 ex
1128 3982 1322 4048 ochlocratia
1348 3966 1350 3972 ¹

247 4085 376 4167 Attica,
398 4105 481 4170 quae
505 4104 613 4146 eorum
639 4089 746 4147 aetate
769 4083 944 4168 gliscebat:
970 4085 1048 4150 haec
1072 4093 1245 4171 utrumque
1264 4107 1321 4172 ge-

248 4189 339 4270 nuit,
363 4209 468 4272 neque
489 4208 566 4250 sane
589 4185 724 4250 fortuito
746 4187 854 4251 evenit
878 4195 916 4251 ut
938 4188 1025 4252 idem
1050 4182 1322 4273 temporis'breve

249 4291 393 4375 spatium
421 4288 519 4354 ferret
542 4310 616 4353 cum
643 4288 843 4374 tragoediam
868 4289 1078 4375 Euripideam
1101 4299 1171 4355 tum
1193 4292 1322 4357 Aristo-

248 4391 588 4480 phanis'comoediam
612 4396 767 4468 veterem3
789 4391 846 4456 sed
868 4392 980 4458 eadem
993 4394 1322 4480 vis,eorumsaeculp

250 4497 361 4580 insita,
386 4519 468 4580 quae
491 4494 684 4580 Euripidem
707 4495 846 4580 protulit
870 4496 903 4560 in
927 4495 1049 4581 lucem,
1074 4505 1111 4563 ut
1127 4497 1223 4562 verba
1237 4499 1322 4565 face-

1149 4605 1164 4663 1
1175 4602 1190 4636 i*
