3284 5338
748 459 810 521 103

240 642 402 732 “spongia
424 643 545 708 mederi
568 643 709 728 porsit'':
733 643 820 708 idem
847 642 886 708 de
912 643 1062 708 omnibus
1087 643 1154 710 illis
1181 650 1314 712 senten-

238 762 294 826 tiis
327 758 561 845 philosophicis
592 759 697 844 valet,
730 758 817 824 idem
840 779 935 843 porro
959 757 1139 824 remedium
1162 758 1316 825 adhibere

238 893 349 958 posses
374 878 424 938 tot
446 871 599 958 episodiis
624 873 665 938 ad
676 872 842 937 cardinem
854 892 960 936 rerum
975 892 1040 934 nou
1056 871 1314 955 pertinentibus,

238 986 410 1073 permultis
433 986 533 1052 etiam
556 987 644 1052 chori
668 986 820 1064 cauticie3
846 1007 912 1051 non
940 1005 1059 1070 paucos
1083 983 1221 1070 denique
1248 1007 1313 1050 ser-

238 1121 351 1166 mones
374 1101 492 1166 crebris
515 1100 624 1166 lituris
638 1101 672 1164 in
690 1101 802 1165 breves
817 1100 976 1185 epitomas
988 1099 1175 1164 contrahere
1184 1119 1313 1184 posses:

239 1219 338 1299 quota
360 1213 406 1279 sic
424 1214 557 1280 tandem
570 1221 752 1298 superesset
764 1235 838 1299 pars
853 1213 1036 1278 dramatum
1048 1211 1313 1298 Euripideoruml

239 1326 412 1392 Restareut
448 1347 521 1392 ossa
556 1327 644 1392 nuda
656 1376 665 1409 ,
701 1328 771 1392 sine
808 1327 877 1392 ullo
915 1326 1044 1409 decore,
1078 1324 1188 1391 ablate
1219 1347 1313 1392 carne

238 1438 405 1525 nitidaque
427 1445 508 1506 cute.

688 1597 879 1612 W

271 1778 476 1845 ·Aristoteles
501 1778 607 1862 (Poet.
636 1801 704 1865 cap.
733 1781 789 1865 18)
813 1779 854 1843 de
877 1777 1034 1863 Euripide
1058 1799 1124 1843 non
1147 1778 1217 1844 sine
1233 1799 1312 1864 qua-

239 1891 314 1956 dam
346 1892 593 1977 reprehensione
626 1892 790 1977 loquitur,
825 1890 882 1956 ubi
905 1889 975 1975 agit
999 1889 1038 1956 de
1061 1890 1208 1976 partibus
1232 1907 1313 1977 quae

237 2004 333 2069 choro
368 2005 436 2069 sint
468 2003 657 2070 tribuendae
691 2004 726 2068 in
760 2004 842 2069 bene
876 2015 1002 2068 morata
1026 2003 1199 2089 tragoedia.
1248 2007 1312 2069 Τὸν

238 2120 356 2206 χορόν,
378 2117 506 2202 inquit,
531 2120 583 2183 ἕνα
605 2115 649 2184 δεῖ
669 2115 847 2201 ὑπολαβεῖν
856 2120 920 2181 τῶν
937 2117 1189 2201 ὑποκριτῶν,,καῖ
1201 2119 1313 2201 μόριον

237 2231 313 2296 εἶναι
344 2238 400 2296 τοῦ
432 2229 528 2304 ὅλου,
561 2235 609 2296 καὶ
642 2227 929 2314 συναγωνίζεσθαι,
960 2233 1001 2312 μὴ
1033 2231 1137 2316 ὥσπερ
1160 2225 1313 2316 Εὐριπίδῃ

238 2340 312 2406 ἀλλ’
334 2345 437 2429 ὥσπερ
460 2339 625 2427 Σοφοκλεῖ.
651 2341 734 2408 (lum
758 2342 818 2408 hoc
833 2340 958 2426 judicio
975 2340 1138 2406 consentit
1155 2340 1311 2426 Horatius

237 2456 271 2520 in
304 2426 396 2522 Artis
428 2456 578 2522 Poeticae
599 2455 780 2549 praeceptis
798 2456 828 2532 ¹;
852 2453 1027 2520 manifesto
1050 2459 1160 2522 autem
1183 2454 1256 2539 ipsa
1277 2454 1312 2518 id

237 2569 352 2636 suadet
374 2569 465 2634 ratio.
493 2569 623 2635 Scilicet
645 2569 755 2634 unitas
779 2568 848 2651 illa,
872 2590 970 2654 quam
994 2569 1028 2633 in
1052 2576 1221 2654 poetarum
1244 2576 1310 2634 tra-

236 2682 380 2768 gicorum
416 2702 480 2746 nou
505 2682 613 2747 minus
637 2703 735 2768 quam
761 2681 795 2744 in
820 2677 958 2746 aliorum
978 2681 1140 2748 artificum
1162 2683 1311 2767 operibus

236 2796 355 2882 requiri
378 2795 538 2879 vidimus,
563 2797 597 2860 in
620 2794 708 2860 haud
731 2795 801 2860 leve
823 2801 957 2861 vocatur
978 2795 1171 2878 discrimen,
1195 2797 1223 2861 si
1248 2818 1312 2882 qua

235 2931 310 2994 pars
346 2908 490 2973 'dramati
525 2907 719 2991 interjicitur
761 2929 842 2993 quae
883 2929 956 2973 oum
997 2908 1130 2973 caeteris
1163 2907 1310 2992 partibus

236 3043 351 3108 parum
374 3020 496 3086 nihilve
520 3021 637 3086 habeat
659 3041 839 3086 commune.
889 3020 978 3100 Quae
1002 3020 1079 3105 Cap.
1106 3021 1161 3085 III
1186 3021 1200 3102 §
1227 3024 1247 3085 2
1271 3020 1310 3086 de

236 3136 307 3221 lege
342 3133 478 3199 unitatis
511 3131 664 3217 exposui,
700 3133 734 3195 in
758 3131 904 3196 animum
927 3138 1005 3197 sunt
1027 3133 1223 3218 revocanda,
1247 3156 1310 3220 quo

236 3247 353 3314 melius
387 3245 609 3330 intelligamus
644 3245 759 3330 quanti
787 3244 904 3310 referat
926 3252 965 3312 ut
988 3245 1103 3312 chorus
1128 3247 1210 3313 nihil
1233 3256 1311 3334 agat

237 3361 288 3428 vel
321 3343 408 3426 dicat
440 3359 526 3445 quod
558 3358 715 3424 afabula
738 3356 783 3422 sit
805 3358 957 3423 alienum.
982 3357 1162 3425 Ohororum
1184 3363 1310 3430 cantica

237 3473 313 3540 inde
336 3477 376 3542 ab
404 3476 483 3561 ipsis
504 3475 689 3561 tragoediae
711 3474 918 3540 incunabulis
944 3477 1156 3542 versabantur
1180 3479 1215 3542 in
1238 3479 1309 3544 lau-

237 3586 333 3654 dibus
363 3589 519 3672 ‚deornm,
556 3589 706 3672 heroum,
740 3589 881 3674 patriae3
908 3589 984 3655 hinc
1007 3611 1082 3676 ergo
1105 3591 1310 3678 quidcunque

238 3702 441 3788 singularum
464 3702 648 3769 fabularum
672 3703 874 3788 argumentis
891 3705 1077 3769 conveniret
1100 3685 1329 3772 delibandum

238 3821 307 3880 erat
347 3816 452 3900 poetis
484 3814 634 3900 tragicis,
666 3815 721 3900 qui
758 3815 818 3879 hoo
849 3815 998 3880 meliores
1034 3837 1068 3880 se
1101 3817 1310 3902 praestabant

238 3926 395 4010 artifices,
431 3948 493 4013 quo
526 3925 646 4010 majore
681 3925 872 3991 dexteritate
906 3927 1146 4011 prospiciebant
1180 3935 1218 3994 ut
1246 3931 1310 3995 ista
1390 3999 1395 4019 ι

238 4041 385 4106 encomia
408 4045 483 4126 apte
506 4059 581 4104 cum
603 4039 734 4125 reliquis
759 4038 912 4105 dramatis
935 4040 1081 4124 partibus
1097 4048 1310 4128 congruerent

240 4153 441 4238 eundemque
463 4156 611 4238 gererent
634 4151 782 4217 colorem.
811 4152 910 4232 Porro
933 4152 1113 4235 notandum
1133 4161 1200 4238 est,
1221 4156 1309 4222 chori

274 4328 282 4360 ¹
299 4328 345 4379 Vs.
358 4329 406 4378 193
416 4341 479 4391 sqq:
497 4325 599 4374 Actoris
615 4332 695 4387 partes
714 4325 806 4374 chorus
821 4324 976 4397 officiumque
993 4327 1066 4376 virile

498 4411 624 4470 defendam
641 4427 689 4462 nou
705 4411 764 4477 quid
781 4414 875 4462 medios
891 4413 1021 4464 intercinat
1037 4425 1105 4465 actus

498 4502 563 4566 quod
578 4517 628 4551 non
645 4503 769 4566 proposito
786 4504 906 4552 conducat
923 4510 948 4554 et
964 4505 1066 4554 haerent
1081 4512 1144 4568 apte.
