3258 5328
835 472 854 530 2

1189 565 1193 595 l

310 678 405 739 saepe
441 659 550 719 autem
581 658 658 717 noto
693 654 791 718 errori
825 653 1033 736 indulgentes
1064 651 1174 736 potius
1210 669 1307 734 quam
1340 670 1380 712 ex

309 758 446 824 historia
469 780 502 823 se
526 757 650 823 edoceri
673 757 852 842 patiantur,
878 777 1019 840 eaquae
1043 754 1132 819 fuere
1156 761 1221 818 tam
1247 751 1381 836 pulchra

310 861 543 946 imaginantur,
574 869 611 925 ut
639 859 733 925 abavi
756 858 906 923 miraturi
929 864 1038 922 essent
1061 857 1106 939 si,
1131 857 1171 920 ab
1197 854 1307 920 inferis
1330 875 1380 917 re-

304 951 423 1047 duces,
448 969 582 1049 possent
605 963 713 1028 videre
736 984 834 1049 quarn
858 961 1006 1026 decoram
1030 968 1063 1025 et
1085 960 1229 1046 ipsorum
1253 964 1380 1022 attem-

310 1067 397 1151 poris
431 1089 494 1152 quo
527 1067 677 1131 vixerunt
707 1064 845 1149 effigiem
879 1070 1012 1150 nepotes
1037 1064 1100 1128 sibi
1123 1061 1377 1158 informaverint.

310 1171 424 1235 Altera
455 1192 529 1235 vero
558 1192 632 1254 pars
656 1169 844 1252 hominum,
870 1177 903 1232 et
927 1169 1011 1233 inter
1034 1168 1099 1232 hos
1117 1187 1182 1231 non
1206 1183 1276 1230 raro
1300 1165 1324 1229 ii
1347 1165 1381 1227 in

311 1273 428 1358 quibus
453 1266 634 1338 maximum
658 1272 754 1336 robur
777 1271 921 1356 ingenii,
948 1271 1014 1335 suis
1038 1271 1161 1334 viribus
1178 1269 1302 1350 confisi,
1316 1267 1381 1350 legi

311 1384 460 1441 aeternae
484 1375 614 1441 obedire
637 1375 767 1439 malunt
792 1397 875 1460 quae
898 1380 987 1438 vetat
1011 1375 1181 1459 quicquam
1207 1372 1383 1437 consistere

312 1480 344 1542 in
370 1480 486 1565 quiete.
536 1479 582 1543 Hi
605 1484 716 1543 autem
739 1499 779 1542 ne
802 1477 949 1541 incidant
972 1477 1007 1539 in
1032 1498 1170 1540 errorem
1186 1475 1383 1540 contrarium

312 1603 376 1645 non
406 1581 512 1646 minor
543 1587 595 1646 est
620 1579 742 1656 cauti03
774 1579 851 1642 dum
877 1579 965 1659 enim
990 1586 1067 1643 nota
1090 1579 1188 1643 nimis
1212 1578 1303 1662 parvi
1325 1577 1383 1641 ha-

311 1687 391 1749 bent
422 1690 455 1749 et
482 1682 517 1747 in
549 1683 672 1768 ignotis
700 1703 829 1750 omnem
863 1703 953 1767 spem
978 1688 1133 1767 ponunt,
1162 1680 1258 1746 facile
1281 1680 1383 1745 addu-

311 1798 430 1852 cuntur
453 1791 490 1852 ut
513 1787 550 1860 in
573 1786 687 1872 quovis
711 1791 803 1849 motu
826 1806 1033 1871 progressum
1055 1785 1155 1850 latere
1180 1785 1385 1871 suspicentur

312 1900 346 1955 et
377 1890 578 1976 quibuslibet
611 1888 847 1954 mutationibus
881 1894 1000 1954 temere
1027 1888 1203 1974 plaudant;
1239 1911 1275 1953 ac
1306 1889 1384 1953 dum

313 1995 453 2060 solidam
476 1983 594 2058 terram
618 2014 684 2058 non
708 1992 788 2058 satis
812 1991 912 2076 spatii
935 1991 998 2057 sibi
1013 1993 1166 2076 praebere
1182 1991 1383 2072 existimant,

313 2121 377 2162 non
406 2119 477 2162 raro
507 2097 546 2161 fit
568 2103 606 2162 ut
629 2096 663 2160 in
688 2096 885 2162 immensum
909 2095 1040 2160 aethera
1063 2117 1096 2160 se
1120 2097 1257 2177 tollant,
1283 2095 1384 2160 auda-

312 2203 362 2266 oia
387 2199 468 2266 duce
492 2213 526 2265 et
547 2199 678 2283 auspice
698 2198 786 2282 sola,
811 2219 889 2262 mox
913 2199 1033 2262 nubem
1052 2219 1111 2283 pro
1128 2199 1187 2263 dea
1204 2197 1385 2283 amplexuri

312 2314 370 2369 aut
393 2302 576 2388 liquefactis
602 2301 721 2386 pennis
748 2300 848 2364 vitreo
872 2300 980 2364 daturi
1004 2301 1136 2364 nomina
1159 2307 1269 2385 ponte.

359 2407 413 2471 Me
444 2405 577 2491 quidem
602 2404 631 2469 si
654 2404 727 2490 quis
751 2410 844 2489 roget
866 2403 949 2469 utris
973 2403 1120 2488 partibus
1144 2426 1196 2468 me
1220 2403 1384 2484 addicam,
1482 2419 1485 2424 ’

314 2533 389 2590 non,
404 2531 480 2575 sane
508 2529 623 2594 negem
648 2531 700 2574 me
724 2509 833 2593 potius
858 2507 940 2573 velle
963 2507 1114 2592 progredi
1137 2529 1234 2594 quam
1260 2529 1386 2591 semper

313 2616 426 2681 eodem
459 2615 530 2680 loco
561 2635 692 2679 manere
723 2620 782 2679 ,aut
816 2613 914 2694 etiam
945 2613 1106 2690 recedere3
1139 2621 1172 2678 et
1200 2613 1228 2677 si
1252 2612 1385 2676 omniuo

313 2719 514 2805 pereundum
548 2723 653 2798 esset,
687 2716 820 2781 mallem
852 2721 889 2780 ut
915 2717 1045 2809 Icarus,
1070 2717 1125 2800 qui
1150 2715 1283 2797 saltem,
1308 2716 1384 2780 dum

315 2822 419 2888 “coeli
443 2820 596 2906 cupidine
620 2826 744 2886 tractus
767 2820 866 2884 altius
890 2820 959 2905 egit
981 2821 1076 2901 iter,”
1089 2820 1130 2885 ad
1142 2820 1224 2886 solis·
1233 2819 1391 2890 viciniam.

314 2929 507 3008 accesserat,
541 2922 631 3009 puris
660 2924 759 2988 maris
790 2923 945 2990 fluctibus
976 2924 1084 3006 obrui,
1111 2923 1208 3009 quam
1236 2931 1274 2989 ut
1297 2923 1386 2988 Cim-

315 3030 452 3094 mericus
479 3027 635 3094 barbarus
664 3048 736 3092 cum
771 3026 936 3092 lutulenta
965 3027 1062 3112 gleba
1091 3049 1307 3111 concrescere,
1332 3027 1388 3091 vir

314 3131 530 3217 praestantior
563 3131 669 3196 ostrea
692 3152 773 3215 quae
797 3129 870 3214 rupi
893 3130 1054 3194 adhaeret.
1105 3129 1168 3196 Sed
1195 3129 1387 3214 perbreves

315 3236 372 3320 qui
403 3234 508 3300 adhuc
538 3233 621 3297 mihi
651 3233 796 3299 concessi
826 3232 959 3298 fuerunt
987 3254 1089 3298 annos
1120 3233 1180 3298 hoc
1210 3241 1295 3298 certe
1318 3231 1388 3297 vita

316 3361 367 3402 me
398 3337 527 3420 docuit,
555 3358 620 3400 non
645 3337 768 3421 primos
793 3342 916 3401 metam
940 3337 1101 3421 attingere
1124 3337 1180 3422 qui
1204 3335 1388 3401 inconside-

269 3500 271 3504 .
317 3441 396 3507 ratis
421 3439 548 3504 nisibus
572 3439 743 3523 provolent
766 3438 904 3504 simulac
923 3439 1101 3504 carceribus
1115 3439 1318 3522 emittantur,
1332 3437 1389 3504 sed

316 3543 471 3629 majorem
501 3541 542 3608 iis
574 3564 664 3626 spem
696 3564 765 3624 esse¹
793 3542 945 3607 vincendi
969 3543 1025 3628 qui
1047 3543 1135 3608 lente
1157 3542 1331 3625 festinent,
1355 3547 1389 3607 et

314 3648 465 3714 certiores
498 3668 596 3732 quam
632 3646 799 3711 celeriores
831 3653 957 3732 ponant
986 3669 1136 3732 gressus,
1169 3653 1318 3713 caventes
1348 3668 1388 3710 ne

316 3752 467 3817 labantur
491 3773 549 3816 nec
573 3751 656 3814 vires
680 3756 969 3834 praeconsumaut,
999 3751 1081 3815 bene
1104 3772 1262 3816 memores
1286 3773 1388 3836 quan·
1453 3731 1456 3742 ¹

316 3865 386 3920 tum
413 3853 511 3939 spatii
535 3854 769 3918 decurrendum
793 3861 901 3919 restet.

361 3956 449 4022 Hinc
471 3955 511 4021 fit
533 3960 588 4038 ut,
613 3955 887 4041 quemadmodum
911 3957 1024 4021 laetari
1049 3956 1146 4039 soleo,
1171 3956 1313 4021 humano
1332 3978 1389 4042 ge-

316 4061 384 4124 neri
413 4060 567 4140 inditum¹
583 4081 653 4124 esse
679 4081 807 4124 sacrum
830 4060 992 4142 ardorem,
1016 4082 1079 4146 quo
1103 4081 1234 4126 sursum
1259 4060 1390 4150 tendere

316 4162 516 4249 impellitur,
563 4162 609 4228 sic
651 4184 797 4227 summae
839 4163 938 4228 etiam
984 4163 1170 4250 Sapientiae
1214 4163 1389 4229 documen-

316 4274 387 4332 tum
420 4265 622 4347 existimem,
660 4265 746 4350 quod
780 4267 930 4332 sublimis
955 4266 1022 4332 ‘ille
1054 4275 1162 4332 motus
1191 4273 1390 4351 temperatur

317 4376 418 4436 terrae
442 4368 583 4455 quodam
606 4389 732 4452 amore,
758 4370 814 4454 qui
837 4369 988 4453 prohibet
1003 4370 1196 4456 quominus,
1214 4369 1308 4435 firmo
1320 4369 1389 4434 solo
1461 4433 1464 4440 ,

317 4473 444 4556 relict0,
469 4493 560 4537 mens
584 4472 728 4536 humana
743 4495 808 4536 non
824 4473 940 4538 habeat
955 4495 1018 4558 quo
1036 4473 1204 4538 innitatur.
1232 4472 1389 4537 Binarum
