3284 5338
779 471 840 532 135

291 654 374 717 lbld.
395 671 436 714 vs.
458 658 515 714 721
529 670 572 731 sq.
595 650 721 714 Hermes
736 652 778 713 sic
795 652 833 712 ad
848 652 1030 732 Trygeeum‚
1047 654 1099 733 qui
1110 657 1226 734 quaerit
1238 677 1332 719 seara·

248 748 354 808 beeum
375 766 476 820 suum,
498 765 557 826 quo
577 745 736 807 reducatur
756 747 789 806 in
810 754 930 808 terram:

289 843 464 908 Hermodoro
485 838 598 914 ἐνθάδ’,
619 842 643 907 ὦ
661 845 733 916 πᾶν,
756 841 830 907 ἔστι·
855 843 942 920 11119.
964 854 1020 908 ποῖ
1040 845 1103 933 γὰρ
1126 845 1260 934 οῖχεται;

288 939 389 998 Herm.
405 938 456 1026 ὑφ’
478 937 588 1026 ἅρματ’
606 936 712 1004 ἐλθὼν
733 941 835 1014 Ζηνὸς
857 939 1105 1026 ἀστραπηφορεῖ·
1213 989 1214 993 1

290 1033 486 1094 Posteriorem
517 1051 636 1093 versum
657 1051 692 1092 ex
714 1032 944 1113 Bellerophonte
965 1039 1099 1094 sumtum
1120 1053 1183 1096 esse
1205 1042 1332 1097 testatur

249 1129 392 1191 scholion.

982 1226 1094 1289 (Fregm.
1115 1229 1162 1276 314
1179 1227 1266 1291 1)111(1.)

289 1378 406 1441 Avium
428 1397 469 1440 vs.
492 1381 564 1440 348:

408 1481 455 1566 καὶ
479 1472 589 1541 δοῦναι
609 1475 723 1563 ῥύγχει
747 1475 888 1564 φορβάν·

290 1567 373 1628 Haec
399 1568 603 1648 Asclepiades,
630 1571 789 1632 scholiasta
814 1576 905 1644 teste,
927 1572 1073 1632 referebat
1093 1571 1132 1632 ad
1151 1573 1331 1634 versiculum

250 1663 283 1722 in
304 1663 458 1743 Euripidis
479 1664 684 1738 Andromeda,
706 1666 808 1726 fabula
827 1672 928 1726 tamen
948 1665 1071 1750 μηδέπω
1093 1664 1287 1755 διδαχθεῖπρε
1337 1712 1339 1716 -

410 1757 538 1826 ἐκθεῖναι
559 1763 640 1836 κήτει
662 1760 803 1849 φορβάν.

249 1854 308 1929 Qui
331 1872 432 1915 versus
452 1854 553 1933 potius
574 1855 613 1914 ad
633 1854 813 1934 Thesmoph.
834 1875 877 1917 vs.
901 1858 978 1916 1033
1000 1855 1167 1916 laudandus
1187 1862 1260 1917 erat.

621 1950 691 2012 (vid.
708 1951 784 2000 Diud.
801 1951 898 2016 proleg.
915 1951 948 2000 ud
964 1950 1054 2014 fragm.
1072 1952 1265 2015 Andromedae.)

290 2115 372 2180 lbid.
394 2135 436 2176 vs.
459 2121 530 2176 829:

408 2216 477 2287 πῶς
499 2210 558 2277 οὖν
580 2211 618 2276 ’ἔτ’
639 2211 679 2278 ἂν
698 2213 811 2297 γένοιτ’
834 2213 872 2279 ἂν
892 2213 1037 2289 εὔτακτος
1058 2213 1172 2288 πόλις,
1291 2269 1292 2273 1

411 2309 492 2371 ὅπου
514 2309 572 2372 κτὲι

289 2399 373 2459 Oouf.
395 2398 530 2479 Euripid.
553 2399 654 2480 Suppl.
675 2420 718 2462 vs.
739 2406 811 2463 447:

410 2500 479 2572 πῶς
501 2494 558 2561 οὖν
580 2495 619 2560 ’ἐπ’
642 2495 681 2560 ἂν
700 2497 812 2581 γένοιτ’
836 2496 874 2561 ἂν
895 2494 1042 2571 εὔτακτος
1064 2495 1174 2571 πόλις,

411 2594 489 2656 όταν
511 2619 559 2666 τις
580 2594 640 2656 κτὲ.

289 2792 371 2857 lbid.
403 2812 445 2854 vs.
474 2798 552 2853 1230
574 2793 632 2853 Iris
653 2792 727 2854 dicit
748 2814 778 2855 se
800 2794 935 2855 devolare
957 2796 989 2855 iu
1010 2801 1119 2856 terram
1141 2801 1175 2857 111
1196 2796 1352 2857 homines*

247 2886 382 2948 hortetur
402 2907 485 2948 sacra
504 2887 579 2948 ferre

407 2984 627 3070 μηλοσφαγεῖν
648 3012 679 3049 τε
699 2981 877 3070 βουθύτοις
897 2986 944 3050 ἐπ’
966 2985 1116 3073 ἐσχάραις

410 3082 522 3146 κνισᾶν
540 3079 566 3142 τ’
588 3077 712 3166 ἀγυιάς·

289 3175 365 3236 Cum
400 3174 457 3236 hoc
487 3176 551 3236 loco
583 3173 793 3238 conferendum
823 3182 868 3235 111
899 3174 1095 3254 Euripideum
1128 3176 1329 3254 fragmentum

248 3272 323 3346 (630
345 3270 462 3351 Dind.):

392 3365 607 3454 ,μηλοσφαγεῖ
630 3395 661 3431 τε
683 3363 840 3448 δαιμόνων
866 3367 912 3432 ἐπ’
936 3369 1096 3456 ἐσχάραις.

248 3459 311 3523 Neo
341 3461 404 3522 veri
434 3460 578 3521 dissimile
613 3466 658 3522 111
687 3459 767 3538 quod
797 3459 953 3523 Nauckius
984 3461 1123 3540 conjicit,
1156 3460 1329 3540 Euripidem

249 3555 397 3644 addidisse
418 3562 508 3642 κνισᾷ
528 3559 554 3620 τ’
576 3557 700 3642 ἀγυιάς.

291 3758 373 3823 leid.
395 3778 438 3820 vs.
462 3763 539 3821 1238
561 3778 624 3839 sqq.
646 3762 705 3821 1111
725 3761 814 3822 Iridis
835 3762 924 3822 verba
945 3763 1096 3840 leguntur:

416 3857 440 3919 ὦ
464 3861 546 3942 μῶρε
569 3861 667 3943 μῶρε,
687 3859 728 3939 μὴ
749 3856 828 3923 θεῶν
850 3855 925 3923 κῖνει
947 3861 1062 3945 φρένας
1167 3867 1169 3872 ’

412 3947 532 4025 δεινάς,
556 3955 643 4026 ὅπως
664 3954 706 4034 μή
729 3979 788 4016 σου
810 3955 905 4037 γένος
926 3951 1135 4040 πανώλεθρον

414 4049 492 4120 Διὸς
514 4047 652 4132 μακέλλῃ
671 4050 735 4111 πῖιν
758 4047 937 4135 ἀναστρέφῃ
961 4053 1064 4123 Δίκη(

413 4139 527 4225 λιγνὺς
550 4138 581 4206 δὲ
602 4147 690 4223 σῶμα
712 4148 759 4206 καὶ
783 4138 889 4223 δόμων
915 4143 1109 4230 περιπτυχὰς

412 4235 629 4322 καταιθαλώσῃ
652 4264 711 4301 σου
734 4242 915 4318 Λικυμνίαις
935 4235 1068 4324 βολαῖς·

293 4331 353 4391 Hic
383 4336 631 4392 commemoratur
657 4331 830 4410 Licymnius
851 4332 1004 4412 Emipidis
1025 4335 1192 4412 tragoedia,
1215 4335 1330 4415 doque

253 4435 353 4486 tamen
384 4427 433 4487 vix
461 4427 619 4506 quicquam
640 4434 746 4488 notum
767 4434 821 4488 est.
843 4428 952 4490 Versus
974 4447 1048 4508 quos
1069 4425 1208 4510 exscripsi
1229 4451 1331 4493 omnes

253 4521 351 4582 nescio
372 4521 444 4599 quid
466 4522 571 4601 tragici
592 4523 720 4602 spirant,
742 4530 775 4583 ut
797 4542 888 4601 paene
909 4524 1009 4584 credas
1031 4544 1092 4586 esse
1114 4526 1298 4606 Euripideoe.
