3258 5328
740 448 781 508 37

202 621 318 714 linis,
344 630 401 717 qui
424 629 610 716 adoptionis
631 636 743 697 auctor
765 631 935 716 extiterat,
954 631 1114 718 templum
1125 630 1294 696 incendere
1393 663 1396 667 ·

178 771 181 780 ·
222 742 321 824 velit,
357 743 556 808 assentiente
594 742 784 829 paedagogo
800 752 822 828 ¹,
855 743 907 809 cui
940 744 1073 828 insuper
1098 743 1234 808 mundet
1256 747 1295 807 ut

216 855 348 941 juvenis
368 855 485 940 poculo
509 855 692 950 immisceat
712 877 883 922 venenum.
920 857 1055 923 Detecto
1071 857 1187 924 scelere
1202 861 1294 920 ante·

222 990 320 1055 quam
352 967 518 1052 potionem
551 969 717 1034 exitialem
752 969 910 1053 hauriret,
945 959 1005 1037 Ion
1045 990 1171 1057 quoque
1208 973 1294 1033 atro-

175 1121 177 1126 ·
222 1084 302 1148 citer
333 1081 453 1165 saevit,
488 1089 521 1149 et
555 1082 623 1148 leni
652 1083 709 1150 1111
743 1083 853 1149 animo
872 1084 1020 1170 juvenis,
1045 1105 1142 1172 quem
1165 1083 1200 1148 in
1220 1080 1294 1146 dru-

222 1196 321 1262 matis
355 1196 452 1261 initio
474 1217 582 1262 amare
607 1219 832 1284 coeperamus,
857 1198 904 1264 sic
928 1199 968 1264 de
991 1197 1138 1284 improba
1160 1195 1295 1262 muliere

223 1309 384 1376 exclamet
409 1308 471 1391 (vs.
500 1311 584 1375 1266
609 1313 716 1397 sqq.):

383 1418 526 1495 λάζυσθ’,
545 1421 585 1488 iv’
605 1424 700 1498 αὐτῆς
720 1426 796 1498 τοὺς
818 1422 993 1511 ἆκηράτους
1014 1421 1156 1497 πλόκους

384 1529 482 1608 κόμης
502 1524 695 1603 καταξήνωσι
725 1521 901 1615 Παρνάσοῖί
920 1527 1053 1603 πλᾶκες,
1104 1523 1107 1528 ¹

385 1627 459 1696 ὅθεν
479 1639 626 1716 πετραῖον
649 1631 733 1715 ἅλμα
756 1629 996 1706 δισκευθήσεται·

225 1735 311 1816 Quin
340 1733 411 1820 jam
448 1735 481 1799 in
517 1757 554 1800 eo
590 1744 642 1802 est
665 1745 704 1802 ut
726 1759 799 1802 eam
822 1738 864 1803 ad
888 1737 1012 1804 Phoebi
1033 1736 1296 1840 aramltrucidet,

224 1871 324 1934 quum
355 1847 492 1932 Pythiae
524 1855 557 1915 11
584 1870 662 1916 mox
687 1849 831 1916 Palladis
854 1854 979 1937 111111Ξ
1003 1851 1101 1919 discit
1127 1873 1198 1918 eam
1228 1871 1298 1915 esse

225 1984 331 2029 suam.
347 1983 386 2027 ex
409 1960 564 2046 Apolline
585 1970 740 2047 matrem,
761 1962 958 2048 jamdudum
981 1962 1094 2029 amissi
1115 1963 1177 2030 filii
1198 1962 1298 2028 vesti-

224 2076 315 2160 gium
346 2080 567 2161 quaerentem.
616 2075 679 2139 Per
701 2076 945 2142 conversionem
966 2075 1109 2142 subitam
1131 2074 1298 2156 11111111,

225 2186 368 2253 succedit
400 2184 576 2272 gaudium,
612 2194 646 2252 11
678 2193 794 2252 mutuo
830 2187 984 2272 amplexu
1018 2194 1122 2253 mater
1154 2195 1188 2252 et
1210 2186 1299 2252 filius

225 2323 295 2368 sese
328 2300 556 2366 exosculantur
572 2306 593 2364 ³.
642 2299 722 2380 Quis
747 2300 828 2365 11111
850 2302 986 2386 probet?
1019 2300 1100 2382 Quis
1123 2299 1207 2368 ferat
1230 2307 1299 2366 tam

225 2435 355 2480 caecum
383 2412 523 2478 furorem
546 2421 678 2498 repente
701 2419 866 2490 mutatum
889 2413 924 2477 in
944 2420 1013 2478 1111
1036 2435 1180 2482 serenam
1204 2413 1299 2479 11111-

225 2524 344 2594 tiam?¹
376 2527 546 2591 Praeterea
574 2547 688 2611 rogare
717 2527 795 2592 licet
828 2549 870 2592 an
906 2526 1027 2593 Oreiisa
1058 2527 1170 2594 insons
1201 2532 1298 2609 esset,

226 2642 312 2728 quod
342 2639 518 2726 juvenem,
553 2637 644 2725 cujus
672 2639 760 2705 vitae
781 2646 851 2707 erat
874 2639 1047 2725 insidiata,
1072 2640 1176 2727 ipsius
1198 2661 1299 2727 uppa-

225 2759 309 2819 reret
339 2774 409 2818 esse
437 2752 563 2830 filium3
597 2751 649 2818 vel
681 2753 791 2817 minus
824 2752 976 2838 legitima
1006 2752 1094 2818 Ionis
1123 2752 1189 2837 ira,
1225 2774 1300 2818 cum

225 2867 416 2953 comperiret
444 2887 510 2931 non
531 2887 551 2931 1
572 2886 709 2932 noverca
733 2866 789 2931 sed
814 2867 855 2932 ab
882 2866 955 2954 ipsa
976 2872 1080 2932 111111
1101 2888 1213 2932 necem
1235 2867 1300 2932 sibi

225 2980 327 3046 fuisse
358 2987 506 3065 paratam
521 2987 543 3045 ⁴.
593 2979 723 3060 Quanto
754 2980 872 3047 melius
904 2980 1014 3045 omnia
1040 2978 1249 3065 procederent
1271 2979 1300 3046 si

224 3260 301 3308 parva
324 3245 364 3294 vel
389 3246 459 3295 nullu
483 3254 550 3295 esset
574 3245 653 3308 copis.
687 3243 790 3308 Alioqui
814 3252 857 3293 sur
881 3258 967 3294 rerum
984 3244 1138 3308 tragoediam
1155 3243 1300 3306 scripsisset,
1365 3281 1367 3285 .

225 3337 251 3383 in
266 3351 314 3399 qua
332 3335 377 3384 lon
394 3324 544 3393 inereretur,
562 3346 606 3382 aut
621 3333 785 3392 comoediam,
801 3334 842 3382 eui
858 3347 908 3382 uon
925 3342 976 3382 tam
992 3335 1071 3384 multa
1086 3333 1256 3383 admiscuisset
1268 3347 1301 3383 ex
1401 3339 1406 3348 '

225 3424 402 3489 pulverulentis
427 3424 554 3472 annalibus
580 3424 670 3486 petitu.
692 3435 723 3471 ne
740 3423 836 3472 omissis
853 3423 954 3486 quidem
970 3423 1133 3474 Teleontibus
1148 3423 1301 3487 eaeterisque

225 3515 337 3564 tribubus
353 3513 449 3564 Jonicis
466 3513 513 3575 (vs.
533 3514 595 3566 1579
612 3513 684 3576 sqq).
957 3574 960 3579 Ἰ

259 3604 268 3635 ¹
300 3605 348 3652 Vs.
366 3605 424 3656 974:
443 3605 543 3667 πίμπρη
561 3604 592 3652 τὰ
609 3606 689 3666 σεμνὰ
706 3606 797 3662 Λοξίου
813 3602 964 3668 χρηστήρια.
1015 3663 1018 3668 ¹

257 3693 269 3727 ²
300 3694 359 3757 Ipse
383 3692 477 3756 Apollo
501 3706 551 3741 non
572 3693 647 3741 audet
668 3707 695 3742 se
711 3695 840 3742 estundere
862 3692 960 3742 mulieri
975 3692 1014 3741 cui
1032 3693 1090 3742 olim
1107 3693 1159 3743 rim
1176 3693 1303 3754 intulerat,

227 3788 269 3836 sed
285 3785 363 3834 mittit
378 3783 503 3846 virginem
520 3781 651 3843 Athenon,
668 3798 731 3847 quae
747 3799 784 3832 vs.
803 3783 866 3832 1556
881 3797 933 3846 sqq.
951 3782 981 3832 eb
997 3797 1027 3832 eo
1038 3797 1066 3832 se
1081 3783 1168 3832 venire
1183 3790 1301 3844 testatum
1346 3806 1349 3812 ·

226 3878 288 3928 “mit
312 3876 402 3926 seinem
427 3873 536 3925 Geldbl’
561 3873 621 3924 heec
642 3875 677 3924 ire
698 3890 714 3923 1
730 3882 803 3938 poete
818 3874 932 3936 ordinare
948 3888 1000 3923 esse
1017 3875 1132 3924 videntur
1149 3872 1303 3922 Bemherdio

226 3984 283 4034 pag.
300 3967 463 4020 11711187.
563 3957 567 3962 ⁴

260 4061 270 4090 '³
303 4060 348 4107 Vs.
368 4059 495 4122 1437111

422 4149 440 4196 ὦ
460 4147 568 4212 φιλτάτη
584 4141 628 4210 ’μοι
645 4150 737 4211 μῆτερ,
755 4145 864 4210 ἄσμενός
881 4144 904 4194 σ”
921 4145 981 4194 ἰδὼν

420 4239 483 4301 πρὸς
501 4235 611 4300 ἁσμένης
628 4234 749 4286 πέπτωκα
766 4237 814 4294 σὰς
831 4234 964 4300 παρηΐδας.
1194 4281 1197 4286 .

227 4319 278 4378 “So
304 4326 416 4376 schliesst
441 4325 501 4374 alles
526 4339 591 4388 gans
616 4322 735 4383 irdhlich,
760 4325 811 4372 und
835 4325 880 4373 der
902 4323 1060 4387 engestrebte
1077 4324 1152 4373 Mord
1168 4323 1210 4372 hat
1226 4322 1306 4371 nichts

229 4417 330 4466 ‘'weiter
347 4430 378 4465 uu
394 4414 554 4464 bedentenl',
575 4413 677 4478 Gruppe
694 4413 807 4464 Ariadne
822 4428 879 4477 pag.
895 4413 951 4463 413.

260 4504 271 4536 ⁴
305 4506 384 4554 Miror
408 4504 594 4601 Bernharplium
611 4503 653 4566 qui
671 4517 728 4566 pag.
746 4505 808 4562 487,
826 4503 872 4552 hoc
889 4504 975 4551 drama
991 4499 1140 4565 dijudicans,
1158 4502 1193 4552 ite
1209 4501 1307 4551 scribit:
