3284 5338
865 463 907 524 86

397 647 485 712 Num
510 646 609 732 igitur
632 645 775 710 dicemus
800 651 868 710 tam
892 645 1050 729 injustum
1076 653 1133 710 aut
1156 653 1222 712 tam
1236 669 1353 732 parum
1366 649 1436 714 sibi

351 761 605 828 consentientem
641 759 741 826 fuisse
771 759 1037 844 Aristophanem,
1062 767 1206 845 atquae
1229 761 1436 845 ipsefacere

353 875 470 942 soleret
492 873 527 938 in
549 874 651 940 altero
674 872 932 957 reprehenderit?
955 873 1009 938 An
1033 874 1143 959 potius
1167 896 1236 940 rem
1247 874 1432 940 confectam

353 987 555 1056 censebimus
588 985 731 1052 indicato
755 984 943 1051 discrimine
966 985 1052 1051 inter
1068 986 1209 1072 tragicae
1228 993 1261 1053 et
1287 987 1432 1052 comicae

352 1124 465 1169 scenae
499 1100 609 1186 leges?
643 1099 768 1165 Neutra
800 1099 853 1165 via
875 1121 928 1164 me
956 1097 1067 1183 judice
1090 1099 1132 1164 ad
1158 1121 1294 1186 scopum
1316 1097 1428 1176 ducit3

351 1215 500 1302 inprimis
535 1234 608 1279 vero
642 1213 821 1278 cavendnm
856 1233 897 1278 ne
933 1212 1013 1276 duas
1049 1233 1098 1278 res
1133 1211 1270 1278 minime
1297 1213 1429 1280 easdem

351 1328 436 1393 inter
470 1348 504 1392 se
538 1325 798 1411 permisceamus.
846 1324 921 1391 Non
955 1323 990 1388 id
1023 1325 1224 1411 culpandum
1255 1318 1428 1392 videbatur

349 1440 483 1522 comico,
507 1438 594 1525 quod
618 1436 791 1522 Euripides
813 1436 894 1502 made
916 1437 957 1504 de
979 1437 1171 1504 mulieribus
1187 1438 1373 1524 loqueretur·
1394 1447 1427 1505 et
1452 1495 1455 1501 .

351 1551 509 1640 improbos
545 1553 580 1617 in
612 1573 742 1619 scenam
776 1551 924 1634 duceret,
961 1551 1018 1616 sed
1052 1551 1138 1636 quod
1161 1551 1196 1616 in
1218 1551 1339 1619 fabulis
1363 1564 1427 1619 tom

348 1671 476 1736 mudum
497 1691 552 1735 cae
575 1665 748 1752 respiceret
770 1670 942 1751 tantasque
965 1665 1006 1730 iis
1031 1665 1187 1731 tribueret
1208 1672 1327 1750 partes.

395 1785 434 1848 In
470 1803 566 1848 scena
604 1778 842 1864 Aristophanes
864 1778 904 1846 de
927 1780 1028 1846 altero
1052 1801 1131 1846 sexu
1155 1801 1250 1865 saepe
1273 1781 1424 1867 quidem,

350 1898 407 1964 sed
451 1896 572 1980 absque
619 1892 689 1960 ulla
737 1893 939 1976 reverentia,
983 1893 1063 1980 quin
1111 1892 1217 1960 dicam
1269 1894 1424 1979 probrose

350 2011 477 2098 agitur,
508 2015 541 2074 et
574 2008 620 2074 ita
653 2014 690 2073 ut
712 2006 902 2092 plerumque
925 2006 1094 2072 materiem
1117 2007 1270 2092 praebeat
1295 2007 1426 2073 cachin-

350 2125 401 2189 nis
434 2143 550 2208 purum
584 2119 785 2202 verecundis,
822 2141 888 2184 non
921 2140 993 2184 raro
1028 2119 1128 2185 etiam
1162 2119 1197 2182 in
1224 2125 1425 2184 contemtum
1517 2151 1521 2158 ·

349 2238 547 2320 adducatur,
574 2255 741 2319 nunquam
758 2254 833 2298 vero
850 2233 950 2298 talem
967 2233 1001 2297 in
1013 2233 1166 2315 modum,
1180 2239 1218 2297 ut
1229 2239 1425 2318 spectatores

349 2348 479 2414 discant
501 2347 541 2412 de
552 2346 742 2412 mulieribus
753 2345 835 2411 bene
847 2347 967 2412 sentire
980 2351 1010 2425 ¹3
1035 2369 1094 2412 nec
1109 2345 1230 2431 majore
1242 2346 1312 2412 loco
1324 2346 1425 2412 comi-

349 2483 405 2526 cns
429 2482 483 2526 eas
513 2465 664 2524 numerat
686 2480 785 2543 quam
820 2479 927 2525 servos
962 2460 1134 2525 sceleratos
1169 2459 1220 2524 vel
1258 2458 1424 2526 famehcos

348 2572 517 2658 parasitas.
545 2571 580 2638 Si
591 2571 810 2657 idem-egisset
821 2571 1093 2657 Euripides,sine
1104 2573 1203 2638 dubio
1214 2572 1424 2658 plaudentem

350 2687 413 2753 sihi
447 2685 615 2752 habuisset
646 2685 920 2771 Aristophanem,
956 2708 1060 2773 neque
1093 2687 1179 2753 hunc
1212 2685 1426 2752 offendissent

349 2799 412 2864 loci
444 2798 500 2864 ubi
536 2798 709 2884 Euripides
744 2799 813 2864 sive
845 2798 880 2862 in
903 2798 1094 2865 muliebrem
1118 2811 1231 2866 sexum
1255 2798 1423 2880 universe,

350 2912 419 2978 sive
451 2911 487 2976 in
525 2917 612 2978 certa
646 2911 802 2998 quaedam
838 2911 908 2998 ejus
936 2911 1016 2977 vitia
1038 2912 1212 2978 invehitur.
1240 2913 1304 2980 Sed
1328 2912 1425 2999 longe

349 3026 511 3092 diversam
545 3025 633 3092 viam
657 3025 823 3110 ingressus
847 3030 898 3090 est
920 3025 1082 3110 tragieuS,
1108 3025 1199 3110 cujus
1225 3022 1260 3090 in
1282 3025 1424 3106 fabulis,

350 3163 423 3206 cum
456 3161 515 3225 pro
544 3138 692 3205 molliore
726 3160 789 3225 quc
821 3139 973 3220 utebatur
997 3139 1104 3223 poesis
1127 3161 1263 3224 genere,
1289 3146 1360 3204 tum
1383 3138 1425 3203 ob

350 3253 495 3318 nativam
518 3250 682 3337 quandam
703 3257 817 3337 poetae
840 3251 1000 3335 indolem,
1026 3273 1116 3317 amor
1131 3252 1321 3339 plerumque
1330 3273 1427 3339 prora
1513 3249 1516 3254 ’

350 3372 383 3431 et
414 3365 533 3451 puppis
568 3369 618 3431 est
631 3365 654 3429 ².
705 3364 813 3445 Quum
847 3364 1028 3449 Aeschylus
1063 3365 1097 3430 in
1135 3366 1301 3452 tragoedia
1322 3367 1425 3431 amori

351 3479 496 3561 nullum,
508 3476 698 3542 mulieribus
711 3476 874 3541 modicum
886 3476 1047 3543 duntaxat
1059 3477 1167 3543 locum
1179 3479 1424 3561 concessissem,

350 3591 406 3656 ille
429 3589 554 3655 nullam
577 3570 679 3674 paene
701 3587 847 3652 fabulam
870 3589 1053 3674 composuit
1068 3589 1147 3675 quin
1159 3590 1276 3656 mulier
1287 3611 1424 3676 magnas

382 3799 388 3830 ¹
423 3798 691 3863 CavetAristophanes
703 3811 735 3848 ne
747 3813 804 3847 suas
812 3799 898 3849 Musas
905 3803 1073 3866 προαγωγοὺς
1081 3801 1214 3866 ἀποφαίνῃ
1220 3802 1298 3865 Vesp.
1309 3817 1345 3851 vs.
1353 3803 1426 3853 1028.

379 3888 391 3920 ¹
424 3889 552 3953 Longinus
578 3889 633 3951 περί
659 3888 740 3952 ὕψους
756 3903 808 3952 cap.
834 3890 876 3938 15:
894 3890 948 3939 ἔστι
964 3891 1010 3954 μὲν
1027 3891 1075 3939 οὖν
1091 3891 1299 3954 φιλοπονώτατος
1317 3892 1330 3939 d
1348 3893 1424 3958 Εὐρι-

348 3979 422 4039 πίδης
439 3978 484 4028 δύο
503 3980 574 4028 ταυτί
592 3978 677 4040 πάθη,
695 3980 787 4042 μανίας
805 3997 830 4028 τε
847 3980 889 4028 καί
906 3981 1013 4044 ἔρωτας,
1031 3978 1231 4044 ἐκτραγῳδῆσαι,
1249 3980 1297 4030 κάν
1314 3981 1424 4044 τούτοις,

348 4067 382 4124 ὡς
398 4069 443 4116 οὐκ
460 4066 504 4117 old'
523 4069 543 4117 ei
560 4085 626 4117 τισιν
642 4067 745 4132 ἑτέροις,
763 4068 967 4133 ἐπιτυχέστατος.

380 4156 390 4189 ³
422 4158 566 4222 Aeschylus
583 4158 609 4206 in
626 4159 705 4209 Banis
717 4175 758 4209 rs.
777 4161 842 4210 1026
858 4174 901 4222 sq„
921 4160 985 4209 1043
1001 4175 1050 4222 sq.:
1113 4205 1115 4209 ,
1203 4209 1205 4213 .

541 4246 642 4305 διδάξας
660 4246 759 4311 Πέρσας
776 4251 840 4311 μετὰ
857 4246 926 4297 τοῦτ’
943 4248 1074 4313 ἐπιθυμεῖν
1091 4247 1217 4304 ἐξεδίδαξα

444 4337 516 4384 νικᾶν
533 4336 570 4383 ἀεί
589 4337 647 4393 τοὺς
664 4335 838 4396 ἀντιπάλους,
856 4337 985 4399 κοσμήσας
1001 4338 1076 4401 ἔργον
1094 4335 1199 4398 ἄριστον
1210 4335 1260 4384 κτέ.

442 4423 498 4471 ἀλλ’
517 4425 546 4472 οὐ
562 4426 597 4487 μὰ
616 4423 699 4472 Δίόὑ
717 4425 827 4489 Φαίδρας
844 4425 948 4473 ἐποίουν
966 4423 1137 4488 πόρναςόὺδὲ
1156 4424 1320 4486 Σθενεβοίας,

443 4511 492 4576 οὐδ’
511 4512 556 4561 old'
575 4512 656 4570 οὐδεὶς
673 4513 755 4573 ἥντιν’
773 4515 870 4577 ἐρῶσαν
888 4513 986 4562 πώποτ’
1005 4515 1112 4578 ἐποίησα
1132 4518 1248 4578 γυναῖκα.
