3258 5328
838 447 879 510 58

482 633 596 718 φυχιῖιν
619 635 728 718 σοφῶν
749 632 832 698 τοῦτ’
852 635 915 697 ἐστὶ
938 635 1192 719 φροντιστήριον·

483 735 603 802 ἐνταῦθ’
625 737 775 801 ἐνοικοῦσ’
801 735 914 824 ἄνδρες
936 735 968 802 οἳ
987 739 1044 802 τὸν
1066 738 1205 822 οὐρανὸν

480 841 630 928 λέγοντες
652 840 876 908 ἀναπείθουσιν
898 843 942 917 ὡς
964 841 1047 906 ἔστιν
1068 842 1208 926 πνιγείιςη

481 945 590 1011 κᾶστιν
611 949 680 1033 περὶ
701 947 782 1030 ἡμᾶς
804 947 915 1022 οὗτος,
938 947 1024 1030 ἡμεῖς
1047 943 1073 1011 δ’
1095 943 1248 1030 ἄνθρακες
1264 943 1285 1000 ¹·

298 1091 301 1094 ·
322 1071 429 1158 Hujus
460 1073 562 1160 igitur
593 1095 686 1140 casae
708 1057 842 1159 januam
867 1075 1008 1141 validius
1031 1074 1166 1159 pulsans
1191 1072 1395 1158 Strepsiades

320 1208 340 1251 a
368 1186 528 1273 discipulo
558 1189 699 1254 Socratis
722 1188 894 1273 corripitur
916 1187 1002 1274 quod
1026 1185 1167 1274 φροντίδ’
1190 1184 1396 1273 ἐξήμβλωκεν

320 1298 527 1388 ἐξηυρημένην
560 1305 622 1384 (vs.
659 1304 722 1366 137
747 1303 846 1389 sqq),
870 1300 1021 1367 videlicet
1044 1321 1126 1386 quae
1151 1300 1196 1366 sit
1219 1299 1302 1366 ratio
1324 1320 1395 1364 ma-

321 1414 498 1480 thematica
528 1414 613 1480 inter
643 1415 763 1480 saltum
795 1413 913 1500 pulicis
937 1421 971 1479 et
1000 1413 1069 1499 ejus
1100 1413 1220 1500 pedum
1248 1412 1395 1498 longitu-

320 1528 441 1594 dinem.
488 1528 608 1594 Narrat
636 1533 800 1614 praeterea
830 1528 951 1593 rustico
983 1526 1148 1614 stupenti,
1180 1546 1279 1612 quam
1301 1525 1394 1610 inge-

321 1641 412 1707 niose
447 1642 593 1707 Socrates
626 1640 765 1728 explicet
790 1646 922 1706 cantum
945 1640 1085 1706 culicum
1109 1638 1172 1724 (vs.
1202 1642 1263 1704 157
1288 1642 1393 1725 sqq),

321 1762 353 1820 et
378 1754 556 1840 quomode,
580 1776 681 1841 quum
700 1776 835 1821 ‚cursum
856 1753 953 1820 lunae
966 1753 1095 1820 inhians
1109 1752 1391 1839 contemplaretur,

321 1870 356 1934 in
389 1869 458 1955 ejus
491 1891 527 1936 os
558 1875 706 1956 apertum
729 1867 882 1935 inciderit
904 1869 1016 1934 merda
1038 1868 1206 1934 mustelae.
1256 1867 1336 1932 Mox
1359 1867 1393 1930 in

321 1984 455 2049 domum
484 1984 645 2050 admissus
678 1982 880 2068 Strepsiades
911 1981 1051 2067 adspicit
1073 1980 1250 2067 discipulos
1275 1984 1394 2066 ἐγκεκυ-

321 2099 437 2181 φότας,
470 2099 508 2162 τὰ
540 2098 614 2161 κατὰ
644 2105 704 2182 γῆς
736 2095 927 2171 ζητοῦντας,
956 2095 1063 2181 ipsum
1094 2100 1203 2160 autem
1230 2095 1394 2162 Socratem

322 2205 562 2296 ἀεροβατοῦντα
588 2215 636 2274 καὶ
657 2215 908 2297 περιφρονοῦντα
929 2211 985 2274 τὸν
1006 2207 1114 2283 ἥλιον,
1134 2206 1169 2272 in
1186 2207 1318 2272 sublimi
1330 2209 1393 2274 sci·

322 2321 400 2386 licet
430 2342 641 2405 suspensum,
674 2341 737 2406 quo
767 2321 877 2386 anima
909 2320 1022 2405 procul
1052 2343 1072 2385 a
1101 2319 1254 2406 gravibus
1278 2318 1394 2386 humo-

225 2426 228 2434 ’
321 2433 411 2498 ribus
443 2433 500 2519 qui
527 2439 644 2498 terram
677 2433 815 2518 cingunt
844 2433 879 2498 in
910 2433 1056 2500 tenuiore
1087 2439 1159 2498 aere
1182 2433 1227 2498 sit
1249 2433 1391 2500 alacrior.

323 2546 391 2613 Sua
413 2545 556 2636 numina
571 2543 743 2630 profitetur
765 2545 877 2611 Nubes
902 2545 965 2626 (vs
992 2546 1086 2631 253),
1108 2545 1237 2610 invocat
1254 2545 1393 2612 immen-

323 2681 397 2725 sum
408 2659 494 2724 Adra
504 2657 775 2745 splendidumque
786 2659 928 2725 Aethera
941 2664 975 2728 et
986 2660 1089 2726 almos
1102 2659 1214 2726 Nubes
1225 2660 1287 2743 (vs.
1299 2661 1393 2744 265),

323 2779 356 2838 et
363 2772 531 2858 jurantem
542 2771 692 2838 audimus
705 2795 761 2858 per
771 2773 938 2856 Animam,
953 2772 1058 2840 Chaos
1069 2773 1218 2860 Aeraque
1227 2774 1290 2859 (vs.
1302 2775 1392 2860 627).

323 2885 435 2951 Nubes
461 2885 537 2951 illae
562 2907 581 2950 a
609 2885 739 2950 Socrate
766 2907 811 2950 vs.
841 2888 904 2951 317
929 2906 998 2970 sqq.
1025 2884 1075 2951 his
1101 2884 1209 2952 titulis
1233 2891 1267 2951 et
1289 2885 1394 2952 laudi-

322 3003 383 3067 bus
407 3006 577 3067 ornantur:

762 3128 896 3215 μεγάλαι
918 3128 982 3194 θεαὶ
1004 3126 1158 3215 ἀνδράσιν
1180 3129 1307 3215 ἀργοῖς,

365 3237 453 3320 αἵπερ
475 3238 605 3320 γνώμην
627 3240 674 3300 καὶ
696 3231 833 3308 διάλεξιν
855 3239 903 3300 καὶ
926 3241 1002 3300 νοῦν
1023 3236 1097 3316 ἡμῖν
1117 3237 1292 3322 παρέχουσι

364 3343 412 3402 καὶ
434 3342 591 3423 τερατείαν
612 3342 661 3402 καὶ
682 3337 841 3425 περίλεξιν
860 3343 909 3404 καὶ
931 3344 1058 3425 κροῦσιν
1081 3343 1129 3402 καὶ
1152 3337 1334 3421 κατάληψιν·

325 3459 358 3516 ct
381 3474 426 3516 vs.
455 3455 518 3516 332
544 3473 611 3537 sqq.
639 3451 678 3516 de
701 3451 741 3516 iis
764 3453 944 3538 praedicat:

366 3582 403 3644 οὐ
416 3581 479 3666 γὰρ
491 3580 534 3661 μὰ
547 3581 596 3644 Δί’
609 3577 691 3644 οἷσθ’
703 3582 769 3655 ὁτιὴ
783 3579 954 3656 πλείστους
965 3581 1051 3647 αὗται
1062 3579 1220 3664 βόσκουσι
1232 3584 1396 3667 σοφιστάς,

367 3683 614 3770 θουριομάντεις,
637 3685 855 3769 ἰατροτέχνας,
878 3683 1334 3774 σφραγιδονυχαργοκομήτας,

365 3786 501 3852 κυκλίων
523 3815 553 3850 τε
577 3792 686 3875 χορῶν
698 3788 974 3874 ᾀσματοκάμπτας,
986 3788 1105 3878 ἀνδρας
1115 3795 1395 3878 μετεωροφένακας·

328 3907 476 3991 Denique
507 3907 545 3972 ut
575 3907 727 3984 ostendat
760 3909 924 3992 Socrates,
950 3932 1014 3974 non
1037 3909 1151 3976 invitis
1175 3899 1227 3978 his
1252 3911 1396 3978 numini-

327 4021 388 4085 bus
412 4041 446 4085 se
469 4041 599 4105 operam
620 4020 748 4086 dedisse
760 4022 1004 4107 quaestionibus
1017 4025 1238 4109 naturalibus,
1253 4026 1396 4110 ingentis

360 4227 367 4258 ¹
402 4227 466 4278 Cum
483 4227 529 4276 hoc
545 4228 599 4277 loco
615 4228 775 4280 conferendus
792 4241 830 4280 est
845 4232 908 4282 alter
924 4233 1063 4282 simillimus
1071 4249 1103 4283 ox
1113 4234 1210 4285 Avibus
1220 4251 1255 4284 vs.
1268 4238 1330 4288 1000
1338 4251 1399 4300 sqq,

329 4317 369 4364 ubi
386 4318 473 4366 Meton
491 4317 525 4365 ila
541 4317 642 4382 loquens
659 4320 800 4371 inducitur:.

521 4406 611 4456 αὐτίκα
628 4411 676 4472 γὰρ
694 4409 742 4472 ἀὴρ
760 4405 813 4458 ἐστι
830 4412 879 4470 τὴν
897 4411 966 4462 ι’δέαν
983 4412 1042 4468 ὅλος

521 4496 584 4542 κατὰ
603 4495 693 4559 πνιγέα
710 4499 820 4558 μάλιστα
