3258 5328
848 449 889 510 62

331 628 469 694 virorum
503 629 536 692 in
569 628 747 696 femineum
775 651 890 695 sexum
920 630 1064 696 conferre
1090 629 1281 715 moliuntur,
1314 637 1347 697 et
1370 634 1404 697 in

330 741 524 828 quibusdam
548 740 734 806 Academiis
758 740 888 827 puellae
905 741 1075 827 juventuti
1098 741 1265 808 studiosae
1288 763 1323 810 se
1346 745 1405 810 cd-

330 856 493 937 scribunt,
524 854 693 920 mulierem
719 859 788 920 tam
810 876 927 940 parum
952 855 1146 922 muliebrem
1169 859 1281 922 extare
1304 863 1402 942 puto,

331 976 417 1037 certe
440 991 536 1035 nosse
559 989 623 1034 non
648 966 754 1054 cupio
803 967 838 1035 Si
861 989 937 1034 vero
960 969 1022 1035 tibi
1044 969 1151 1055 fingas
1173 968 1301 1054 puellas
1313 969 1404 1034 Atti-

330 1105 384 1150 cas
407 1084 448 1149 de
470 1082 512 1148 iis
534 1082 630 1147 rebus
654 1081 879 1167 disputantes,
905 1080 989 1147 nihil
1005 1087 1116 1167 potest
1132 1103 1202 1148 esse
1218 1080 1400 1148 absurdius.

331 1196 443 1282 Neque
459 1215 615 1281 unquam,
634 1215 675 1260 ne
690 1193 776 1258 inter
791 1191 960 1278 Euripidis
976 1192 1109 1279 quidem
1124 1193 1287 1279 aequales,
1301 1217 1404 1281 quan-

332 1309 454 1375 tumvis
478 1308 628 1395 loquaces
652 1313 686 1374 et
709 1307 853 1390 dicaces,
879 1306 978 1374 moris
1001 1306 1103 1374 fuisse
1126 1307 1251 1393 opinor,
1268 1315 1307 1374 ut
1319 1308 1403 1390 irati,

331 1423 401 1508 spei
431 1423 564 1508 inopes,
598 1422 746 1487 morituri
778 1420 879 1486 talem
909 1421 944 1486 in
976 1422 1111 1487 modum
1138 1422 1405 1488 concionarentur

331 1540 369 1601 ut
398 1534 617 1621 Hippolytus,
649 1556 762 1621 quem,
798 1534 926 1600 detecto
956 1555 1111 1600 novercae
1133 1533 1258 1600 incesto
1281 1555 1404 1616 amore,

331 1669 447 1713 vovere
469 1648 621 1714 audimus
645 1654 683 1714 ut
705 1648 803 1714 liceat
815 1648 925 1733 potius
941 1649 975 1713 in
992 1648 1125 1714 deorum
1140 1648 1283 1715 delubris
1300 1671 1406 1715 emere

331 1759 457 1846 prolem
488 1781 585 1846 quam
609 1758 818 1825 matrimonio
848 1760 985 1846 gignere
1008 1768 1035 1838 ¹3
1066 1760 1118 1826 vel
1148 1760 1299 1845 Hecuba,
1324 1784 1406 1848 quae

332 1873 464 1960 cognita
504 1873 640 1959 pulchra
672 1871 760 1938 filiae
792 1877 915 1956 morte,
949 1873 1112 1940 declamat
1144 1873 1184 1940 da
1219 1897 1316 1942 causa
1349 1897 1406 1940 cur

333 1987 456 2053 “fortes
480 1991 627 2052 creentur
658 1985 820 2052 fortibus'’
836 1987 865 2065 ³3
902 1987 954 2053 vel
987 1985 1137 2071 Orestes,
1171 1988 1228 2074 qui
1267 1989 1405 2075 argutiis

331 2100 475 2188 physicis
497 2101 632 2187 probare
655 2099 765 2166 studet
786 2099 964 2184 Tyndareo,
983 2099 1057 2184 jura
1080 2122 1100 2165 a
1120 2121 1156 2167 se
1175 2093 1406 2168 necatam'esse

332 2219 471 2280 matrem
486 2220 500 2260 ³
507 2241 516 2291 ;
550 2213 602 2278 vel
637 2213 847 2296 Menoeceus,
878 2212 936 2298 qui
966 2213 1000 2278 in
1032 2212 1245 2280 deliberatam
1267 2221 1405 2281 mortem

527 2449 596 2506 Ζεύς,
614 2448 648 2504 ὡς
664 2446 778 2496 λέλεκται
796 2450 841 2506 τῆς
858 2445 981 2507 ἀληθείας
996 2447 1046 2498 lisso
1065 2449 1157 2510 (Aust.
1173 2450 1237 2500 Ean.
1254 2464 1290 2498 vs.
1311 2452 1391 2512 1244),

331 2540 374 2604 qui
391 2551 478 2590 versus
495 2536 570 2588 etiam
586 2536 614 2584 in
630 2536 743 2586 Pirithoo
758 2535 895 2599 legebatur.
913 2536 1017 2600 (Wagn.
1034 2536 1064 2586 fr.
1082 2539 1139 2598 595,
1155 2538 1308 2602 Dinaeae)
1325 2541 1407 2590 Nota-

332 2629 389 2679 bilis
404 2636 442 2679 ast
458 2627 572 2692 inprimis
587 2625 630 2676 ille
645 2627 724 2691 μῦθος
740 2640 815 2689 quem
831 2625 914 2690 puella
930 2641 957 2677 se
973 2627 1098 2679 audivisse
1113 2628 1204 2678 dicitu
1217 2634 1301 2678 matre
1310 2628 1407 2692 (quibus

332 2720 416 2771 verbis
437 2725 536 2782 possm
558 2713 628 2778 ajunt
651 2714 755 2764 innuere
775 2727 802 2764 ss
827 2714 868 2764 hic
892 2715 1004 2779 prolerre
1025 2717 1165 2767 doctrinam
1181 2732 1231 2767 non
1248 2732 1318 2768 snam
1334 2719 1408 2768 seda

332 2821 493 2875 praeceptore
509 2805 667 2868 Anaxagora
682 2809 821 2868 acceptam
836 2803 925 2854 alludit
941 2806 974 2855 ad
989 2821 1020 2856 ea
1036 2806 1101 2858 Plat.
1117 2805 1196 2858 Conv.
1216 2808 1262 2860 177
1274 2807 1326 2866 At:

529 2894 563 2953 ὡς
580 2893 689 2957 οὐρανός
707 2910 733 2942 τε
749 2893 812 2958 γαῖά
829 2891 849 2942 τ’
866 2893 900 2954 ἦν
915 2895 1000 2958 μορφὴ
1015 2895 1062 2959 μία
1078 2902 1125 2946 etc.
1143 2895 1183 2958 (fr.
1199 2896 1249 2946 ⁴88
1265 2895 1353 2959 Dind)

366 2989 420 3038 Vix
436 2998 583 3050 quemquam
599 2988 651 3032 tam
667 2995 794 3032 morosum
810 2996 864 3032 esse
882 2982 990 3032 arbitror
1005 2983 1065 3048 quin
1078 2984 1156 3034 risum
1169 2985 1193 3035 ei
1200 2993 1347 3049 extorqueat
1355 2987 1408 3037 Me·

333 3077 446 3142 lanippes
461 3074 612 3139 Euripidsae
629 3072 737 3123 defensio
753 3075 817 3138 apud
834 3072 982 3123 Barnesium
998 3074 1043 3124 vit.
1060 3074 1145 3139 Enrip.
1161 3088 1214 3138 cap.
1233 3075 1271 3124 15.

367 3167 375 3198 ¹
408 3166 530 3230 Hippus.
539 3164 588 3212 618
603 3177 655 3226 sqq.
672 3162 832 3227 Hippolytus,
849 3177 935 3212 omnes
944 3164 1061 3213 muheres
1068 3178 1156 3214 exosus
1168 3163 1221 3227 (cur
1231 3165 1340 3224 tandem,
1351 3179 1408 3214 curn

237 3317 241 3324 ι
333 3263 406 3305 antea
421 3254 515 3304 nullam
532 3253 642 3303 novisset
658 3260 756 3317 praeter
773 3252 845 3301 deam
861 3252 984 3312 Dianam,
1000 3267 1065 3302 nunc
1080 3253 1155 3302 anius
1172 3260 1269 3303 tantum
1279 3252 1408 3318 perfidiam
1428 3261 1430 3268 ·

333 3351 451 3408 aspertus
475 3345 563 3402 euecti)
588 3341 701 3404 quaritur
717 3341 850 3390 humanam
867 3347 968 3405 gentem
984 3355 998 3390 e
1015 3341 1160 3391 mulieribus
1175 3343 1309 3406 procreari,
1326 3344 1409 3393 verbis

334 3433 396 3482 mihi
411 3430 510 3495 quidem
526 3443 644 3478 nauseam
661 3443 739 3492 paene
757 3429 921 3479 moventibus.

366 3521 442 3586 Quasi
458 3534 518 3570 varo
534 3519 659 3568 nonsatis
676 3525 740 3568 esset
756 3519 833 3567 semel
848 3518 941 3582 aliquid
957 3526 1009 3568 tam
1024 3519 1124 3568 absurdi
1139 3519 1241 3580 dixisse,
1252 3528 1325 3584 poeta
1332 3520 1409 3570 simil-

334 3613 419 3663 limam
443 3610 520 3677 ρῆσιν
543 3609 632 3660 tribuit
656 3608 756 3667 Jasoni,
780 3608 805 3656 in
831 3608 881 3658 line
898 3608 1018 3658 orationis
1034 3623 1152 3673 perquam
1168 3609 1314 3673 sophisticae
1331 3611 1410 3674 (Med.

334 3702 600 3765 mmfflh·

690 3793 757 3855 χρῆν
775 3790 823 3854 γὰρ
842 3789 951 3839 ἄλλοθέν
969 3792 1048 3840 ποθεν
1063 3791 1174 3856 βροτοὺς

529 3879 623 3937 παῖδας
640 3878 802 3939 τεκνοῦσθαι,
820 3877 885 3938 θῆλυ
902 3875 922 3926 δ’
940 3877 985 3927 οὐκ
996 3868 1065 3928 'sisar
1082 3878 1165 3944 γένος,

527 3970 627 4034 χοῦτως
644 3970 677 4018 ἂν
694 3969 738 4018 or'rs
754 3969 788 4029 ἦν
805 3967 877 4016 οὐδὲν
894 3966 1041 4032 ἀνθρώποις
1057 3969 1145 4018 κακόν.

366 4056 378 4088 ²
410 4057 506 4110 Hecub.
524 4073 561 4107 vs.
577 4059 627 4108 592
642 4072 693 4122 sqq.

259 4141 262 4148 ’
368 4144 377 4176 ³
410 4146 490 4197 Oresa
507 4163 545 4198 rs.
560 4149 610 4198 aaa
625 4163 673 4213 sq:

528 4240 613 4303 πατὴρ
629 4240 676 4303 μὲν
691 4235 824 4302 ἐφύτευσέν
838 4254 877 4302 με,
895 4236 927 4296 σὴ
945 4235 965 4285 δ’
982 4237 1060 4286 ἔτικτε
1078 4240 1153 4299 παῖς,

527 4328 556 4377 τὸ
573 4326 663 4392 σπέρμ’
680 4328 777 4392 ἄρουρα
795 4324 974 4392 παραλαβοῦο’
991 4327 1072 4376 ἄλλου
1089 4325 1161 4390 πάρα
1178 4332 1225 4377 ete.

334 4413 450 4466 Proiecto
464 4413 589 4466 iurantem
605 4430 679 4479 quam
696 4415 732 4464 sic
748 4406 886 4480 sapientem
902 4412 1004 4480 aequius
1020 4413 1085 4466 feras
1102 4413 1228 4466 Orestem!

367 4505 469 4556 Dixerit
485 4504 585 4570 aliquis:
608 4505 730 4564 nescisne,
748 4505 825 4565 Zoile,
842 4504 999 4569 Aeschylum
1016 4503 1082 4553 idam
1098 4504 1241 4568 scripsisse?
1274 4504 1329 4566 Ilgc
1346 4517 1408 4553 vero
