3284 5338
791 452 852 513 155

320 637 389 697 Alio
420 637 484 696 looo
505 636 572 712 (ΙΙΙ
596 657 662 716 pag.
694 640 782 716 llio)
815 637 987 700 Athenaeus
1012 658 1047 699 ex
1068 639 1170 700 eadem
1192 639 1293 699 fabula
1314 639 1364 699 de.

280 733 398 811 scripsit
416 732 472 792 hoo
493 732 655 793 distichon:

441 830 504 905 ἥκω
527 831 708 914 θεαρῖωνος
731 830 941 916 ἀρτοπώλιον·Ι

441 925 559 995 λιπών,
581 923 622 989 ‘iv'
645 923 709 989 ἐστὶ
732 922 897 1009 κριβάνων
920 921 1041 990 ἑδώλια·

281 1017 341 1077 Hio
377 1036 493 1096 quoque
530 1017 618 1077 obvia
653 1025 697 1078 est
733 1017 855 1096 parodia
892 1019 953 1078 sive
985 1018 1059 1079 dieti
1089 1018 1243 1098 Euripidei
1277 1019 1364 1080 modo

280 1114 377 1186 allati,
400 1113 462 1174 sive
483 1112 564 1173 initii
589 1113 752 1173 Troadum:

440 1209 503 1285 ἥκω
525 1209 629 1274 λιπὼν
652 1211 784 1295 Αἴγαιον
806 1210 949 1296 ἁλμυρον
972 1209 1079 1296 βάθος

441 1309 563 1370 πόντου
587 1302 765 1378 Ποσειδῶν,
791 1304 865 1371 ἔνθα
889 1303 1047 1394 Νηρηίδων
1069 1312 1163 1394 χοροὶ
1187 1313 1243 1366 ete.

806 1401 896 1462 (Arist.
913 1401 1003 1465 fragm.
1025 1403 1072 1450 198
1088 1409 1113 1450 et
1133 1403 1194 1451 199a
1210 1402 1301 1464 Dind.)

322 1540 359 1598 In
388 1539 490 1602 Horis
510 1538 738 1617 Aristophanes,
772 1545 846 1600 teste
869 1539 1034 1619 Hesychio,
1057 1559 1128 1601 usus
1149 1548 1194 1602 est
1215 1542 1364 1601 locutione

281 1635 397 1721 ζεῦγος
427 1631 606 1722 τρίδουλον,
640 1634 773 1695 alludens
805 1637 843 1694 ad
873 1635 988 1721 ζεῦγος
1009 1635 1221 1723 τριπάρθενον
1243 1635 1363 1715 (fragm

281 1730 352 1790 Eur.
375 1734 432 1790 359
455 1727 576 1807 Dind.),
598 1729 706 1807 quibus
726 1729 824 1790 verbis
846 1730 1003 1808 Euripides
1024 1731 1056 1790 in
1078 1730 1244 1791 Erechtheo
1264 1733 1365 1792 fabula

282 1831 342 1886 tres
361 1825 453 1902 hujus
473 1825 552 1902 regis
573 1823 650 1884 filias
670 1824 887 1903 designaverat.

924 1921 1014 1983 (Arist.
1033 1921 1124 1985 fragm.
1143 1924 1192 1972 484
1209 1922 1298 1983 Dind.)

322 2058 368 2118 De
388 2077 475 2118 versu
496 2077 531 2117 er
552 2059 655 2134 ignota
675 2059 776 2122 fabula
797 2058 1020 2137 Aristophanis:

323 2157 457 2240 αἰσχρὸν
479 2153 540 2228 (vel
563 2153 663 2231 POUiUS
683 2158 812 2242 πικρὸν)
837 2159 888 2238 va'p
910 2161 1032 2241 γυναικὶ
1057 2154 1241 2242 πρεσβύτης
1259 2156 1343 2244 ἀνὴρ

281 2249 344 2326 jam
365 2267 453 2326 supra
473 2248 511 2308 ad
531 2247 710 2327 Thesmoph.
732 2269 775 2308 vs.
798 2252 855 2308 411
879 2267 943 2328 sqq.
964 2249 1103 2310 vidimus.

935 2343 1026 2406 (Arist.
1043 2344 1132 2409 fragm.
1149 2345 1197 2395 497
1214 2345 1299 2406 Dind.)

278 2450 281 2456 .
321 2482 419 2542 Locus
440 2481 674 2560 Aristophaneus
696 2501 783 2560 quem
804 2483 933 2543 serravit
954 2482 1131 2543 Eustathius
1152 2502 1219 2561 pag.
1243 2488 1333 2544 1467:

725 2585 772 2644 καὶ
794 2582 876 2644 κάων
898 2579 1082 2666 ἀκράχολος

444 2674 575 2749 Ἑκάτης
597 2674 724 2760 ἄγαλμα
746 2677 918 2762 φωσφόρου
942 2677 1128 2760 γενήσομαι,

283 2769 455 2847 joculariter
476 2767 589 2828 effictus
610 2774 655 2827 est
676 2768 813 2828 adhunc
835 2767 988 2847 Euripidis
1009 2787 1138 2828 versum:
1234 2796 1237 2800 ·

304 2865 436 2940 Ἑκάτης
454 2863 581 2950 άγολμα
599 2867 773 2951 φωσφόρου
792 2869 874 2929 κάων
886 2865 956 2929 ἔστι·
968 2862 1055 2938 (Eur.
1066 2864 1172 2942 fragm.
1186 2870 1243 2925 959
1256 2865 1363 2944 Dind.)

929 2958 1019 3018 (Arist.
1039 2957 1128 3022 fragm.
1146 2961 1195 3008 535
1212 2959 1298 3022 Dind.)
