3258 5328
768 471 808 532 59

250 654 352 719 veluti
375 630 568 719 eruditionis
598 653 761 739 specimen
792 652 915 738 profert
939 652 1195 738 disputationem
1219 651 1325 738 philo-

250 766 416 852 sophicam
439 767 480 832 de
503 767 608 832 causis
632 766 761 851 pluviae
785 773 818 832 et
841 766 993 849 tonitrus,
1008 765 1207 830 illustratam
1218 786 1327 830 exem-

250 881 314 966 plis
328 903 358 946 -e
382 879 450 946 vita
474 881 664 966 quotidiana
686 879 798 966 petitis
823 880 885 963 (vs.
913 881 1115 964 368—411).

298 992 428 1058 Satisne
462 993 635 1059 manifeste
673 992 723 1059 his
758 993 838 1058 locis
872 992 1013 1058 comicus
1051 992 1195 1058 declarat
1230 1012 1327 1077 quam

251 1104 387 1170 ridicula
418 1109 452 1170 et
482 1126 566 1170 vana
593 1105 623 1172 ei
648 1104 797 1171 videatur
820 1103 878 1170 illa
901 1104 1121 1190 sophistarum
1146 1103 1328 1189 sapientia?

252 1218 325 1284 Non
350 1224 430 1304 puto
453 1239 534 1304 opus
559 1241 630 1285 esse
653 1224 690 1284 ut
714 1217 845 1304 exejus
871 1218 976 1284 verbis
993 1217 1213 1284 demonstrem
1230 1238 1326 1302 quarn

252 1329 383 1416 penitus
418 1331 647 1416 contemserit,
681 1332 741 1397 hac
773 1352 900 1417 quoque
930 1331 964 1396 in
988 1336 1097 1416 parte,
1123 1351 1203 1416 quos
1227 1350 1329 1394 novae

253 1443 422 1526 doctrinae
445 1443 613 1510 thesauros
638 1464 672 1508 se
697 1443 867 1510 reclusisse
889 1443 1142 1510 Atheniensium
1161 1441 1329 1526 juventuti

251 1555 393 1642 gloriose
410 1552 583 1642 jactabant
606 1557 755 1642 magistri
787 1556 838 1621 illi
869 1557 961 1644 queis
990 1557 1073 1623 nihil
1104 1557 1327 1642 incognitum,

253 1669 292 1734 de
325 1668 443 1755 quibus
477 1669 557 1756 quid
590 1669 728 1735 senserit
762 1670 813 1736 his
846 1669 1010 1736 Plautinis
1043 1669 1188 1735 versibus
1220 1668 1328 1753 expri-

253 1804 340 1848 mere
358 1783 455 1868 juvat
473 1785 499 1847 ¹:

344 1944 463 2011 Omnia
486 1965 520 2010 se
544 1942 703 2009 simulant
726 1942 808 2008 scire
831 1964 935 2028 neque
958 1944 1131 2030 quicquam
1156 1944 1272 2010 sciunt.

345 2056 439 2137 Quod
463 2055 599 2143 quisque
622 2056 656 2121 in
680 2057 790 2122 animo
814 2057 912 2123 habet
935 2063 993 2123 aut
1012 2057 1199 2142 habiturust
1212 2059 1327 2124 sciunt.

344 2284 433 2364 Quae
456 2257 561 2369 neque
583 2282 716 2348 fuenrnt
739 2303 843 2370 neque
866 2286 944 2348 sunt
968 2289 1076 2352 tamen
1101 2283 1152 2348 illi
1174 2283 1292 2349 sciunt.

301 2461 341 2525 In
365 2460 553 2526 universum
577 2465 687 2525 autem
711 2459 948 2544 Aristophanes
971 2481 1086 2545 parum
1110 2481 1233 2546 aequus
1248 2461 1331 2526 mihi

256 2572 383 2638 videtur
415 2573 455 2638 de
488 2572 539 2638 his
562 2573 657 2638 rebus
677 2571 780 2658 judex
803 2571 923 2655 fuisse,
948 2571 1005 2640 sed
1029 2571 1085 2638 ubi
1109 2573 1149 2642 de
1173 2573 1331 2660 Euripide

256 2685 365 2771 agitur
388 2685 485 2771 plane
509 2684 540 2750 ei
562 2684 832 2771 adstipulandum
856 2707 986 2768 censeo,
1005 2685 1147 2772 graviter
1163 2686 1246 2752 illud
1256 2688 1330 2773 phi·
1374 2717 1376 2724 >

257 2798 423 2883 losophiac
447 2797 594 2864 studium
617 2799 832 2885 vituperanti:
850 2798 947 2885 hujus
959 2798 1048 2865 enim
1060 2798 1243 2885 tragoedias
1256 2800 1332 2866 inde

256 2912 332 2998 plus
356 2911 469 2978 damni
493 2935 591 2998 quam
614 2911 696 2979 lucri
719 2913 870 2980 retulisse
893 2914 1039 2980 arbitror.
1075 2913 1188 2979 Musae
1211 2934 1331 2999 cogna-

258 3032 310 3092 tae
342 3032 420 3092 sunt
451 3026 654 3112 Sapientiae,
688 3035 722 3092 et
754 3027 890 3112 proinde
915 3032 1029 3113 poetae
1052 3025 1210 3092 conducet
1233 3028 1331 3094 simul

258 3160 329 3206 esse
360 3139 494 3225 sophiae
527 3138 662 3222 cultori,
695 3138 752 3206 sed
782 3116 848 3204 non
871 3160 909 3204 eo
931 3161 1048 3223 sensu,
1074 3146 1111 3205 ut
1134 3142 1331 3210 carminibus

258 3276 356 3340 quarn
390 3254 494 3340 possit
526 3253 731 3339 saepissime,
756 3253 859 3319 veluti
881 3254 1051 3340 sapphiros
1074 3260 1108 3322 ct
1131 3257 1332 3342 smaragdos,

163 3454 166 3462 y
259 3367 437 3434 admisceat
463 3367 551 3434 dicta
573 3366 807 3454 philosophica
857 3361 1145 3436 verumenimvero
1169 3371 1198 3436 si
1221 3371 1333 3438 afflatu
1427 3408 1433 3418 ·

259 3479 385 3564 poetico
409 3500 537 3566 semper
559 3480 644 3547 inter
667 3480 873 3546 scribendum
889 3479 1042 3548 caluisset
1059 3481 1250 3569 Euripides,
1268 3507 1333 3550 non

260 3601 310 3661 tot
343 3594 514 3663 sententiis
545 3593 749 3660 abundarent
780 3594 849 3681 ejus
876 3616 981 3681 opera.
1032 3595 1096 3676 Qui
1119 3605 1206 3680 certo
1228 3597 1333 3684 gradu

260 3708 411 3794 procedit
428 3708 469 3774 ad
493 3730 627 3795 scopum
650 3721 747 3795 quem
771 3710 972 3795 propositum
990 3708 1051 3774 sibi
1070 3709 1158 3776 videt
1182 3716 1215 3776 et
1236 3733 1334 3797 quem

260 3823 421 3908 attingere
454 3821 562 3908 cupit,
593 3842 658 3886 non
691 3821 786 3888 facile
818 3822 858 3886 de
890 3821 943 3886 via
974 3820 1152 3898 abarrabit;
1179 3822 1235 3886 sin
1260 3823 1332 3909 quis

261 3934 450 4001 ambulandi
473 3935 582 4019 potius
606 3956 703 4002 causa
725 3957 872 4024 egressus
896 3941 962 4016 est,
988 3956 1051 4018 quo
1070 3935 1183 4000 tendat
1200 3935 1254 3999 vix
1270 3936 1334 4001 sibi

261 4047 427 4129 conscius,
451 4046 630 4113 identidem
654 4048 694 4114 de
717 4048 835 4113 semita
849 4044 974 4111 videbis
990 4046 1157 4112 deflectere
1173 4054 1210 4112 ut
1221 4048 1333 4114 florem

263 4155 388 4247 carpat,
416 4160 469 4226 vel
493 4161 571 4227 dum
594 4167 668 4226 abra
690 4168 724 4227 et
747 4160 850 4226 nubes
874 4160 1113 4244 contemplatur
1136 4161 1332 4247 subsistere,

262 4277 383 4342 interea
407 4275 479 4341 viae
502 4297 584 4360 quae
608 4275 748 4341 tenenda
771 4282 839 4340 erat
862 4295 965 4358 paene
989 4273 1138 4339 oblitum.
1173 4275 1225 4343 Sic
1242 4278 1334 4343 nulla

262 4412 400 4475 persona
436 4389 613 4476 Euripides
646 4390 679 4456 in
713 4412 747 4484 re
782 4395 849 4454 tam
884 4388 977 4475 gravi
1012 4389 1062 4454 vel
1099 4395 1165 4455 tam
1191 4392 1333 4476 ancipite

296 4541 303 4572 ¹
338 4543 452 4590 Plautino
468 4543 522 4592 loco
540 4543 569 4592 dc
587 4541 676 4617 scurris
692 4555 772 4590 serino
789 4547 834 4589 est.
867 4541 1007 4590 Trinumm.
1026 4556 1060 4588 rs.
1077 4542 1127 4590 205
1143 4554 1194 4604 sqq.
