3258 5328
733 466 772 526 77

218 651 381 736 agitatum
398 649 553 735 juvenem
575 671 741 736 agnoscas.
790 650 829 715 In
854 650 1041 718 Phoenissis
1061 651 1156 718 ambo
1170 651 1286 737 Oedipi

219 765 280 828 filii
305 771 382 829 ante
406 769 545 828 matrem
569 763 724 829 Jocasten
748 762 884 830 consilia
907 785 966 829 sua
989 763 1180 848 defendunt,
1205 765 1288 830 alter

218 878 311 964 regni
335 877 398 942 sibi
418 876 584 958 servandi,
600 876 683 941 alter
698 875 821 940 auxilio
832 876 990 942 sociorum
1003 876 1191 962 occupandI.
1217 876 1287 943 Me-

219 991 280 1056 dea
305 989 459 1056 adversus
485 989 661 1072 dasonem,
688 988 888 1074 Hippolytus
908 990 998 1075 apud
1019 1005 1146 1077 patrem
1166 990 1288 1055 Thesea

219 1124 351 1196 causam
371 1106 523 1188 agentes,
549 1101 695 1168 Pheretis
718 1123 791 1167 cum
807 1100 947 1176 Admeto
962 1103 996 1167 in
1013 1102 1177 1169 Alcestide
1190 1103 1288 1169 alter-

220 1215 305 1281 catio
327 1237 431 1301 paene
454 1205 594 1298 comica,
617 1214 680 1280 tria
694 1220 773 1280 sunt
787 1214 852 1280 alia
863 1216 1010 1302 exempla
1022 1216 1101 1282 artis
1112 1216 1287 1282 rhetoricae

220 1327 256 1392 in
276 1327 459 1394 subsidium
479 1327 594 1413 tragici
618 1326 723 1414 operis
744 1331 885 1412 vocatae.
932 1328 1160 1395 Andromache
1177 1329 1290 1394 fabula

220 1439 339 1507 referta
361 1447 412 1506 est
434 1439 648 1523 orationibus,
666 1440 875 1523 Hermiones,
891 1440 997 1525 Pelei,
1015 1441 1173 1525 Menelai,
1186 1442 1288 1528 ipsius

220 1554 481 1633 Andromacham
506 1554 584 1620 haec
606 1553 754 1638 heroina,
780 1555 883 1620 saevis
905 1553 1045 1622 vinculis
1061 1555 1180 1641 ligata,
1194 1555 1290 1620 dehet

221 1674 408 1756 exspectare
438 1668 538 1733 donee
562 1668 730 1734 Menelaus
753 1672 787 1734 et
808 1667 924 1734 Peleus
949 1690 983 1734 sc
999 1667 1139 1733 invicem
1149 1667 1288 1732 infinitis

220 1780 391 1864 conviciis,
414 1780 570 1846 ducentos
593 1780 660 1846 fere
683 1802 794 1846 versus
819 1780 1048 1865 implentibus,
1073 1779 1153 1846 satis
1169 1779 1289 1845 dilace-

222 1892 383 1978 raverint,
406 1899 440 1959 et
462 1893 578 1959 Peleus
598 1894 730 1959 tandem
746 1893 911 1978 intelligat
926 1915 989 1959 non
1004 1894 1109 1959 verbis
1123 1893 1180 1960 sed
1194 1892 1289 1958 factis

222 2026 303 2090 opus
326 2027 403 2071 esse
443 2004 518 2070 Non
541 2006 648 2072 minor
670 2006 872 2071 abundantia
893 2006 1075 2072 orationum
1092 2011 1142 2072 est
1156 2006 1190 2070 in
1204 2005 1289 2090 Sup-

222 2118 371 2204 plicibus.
420 2118 461 2183 In
491 2119 601 2184 Troasi
631 2119 757 2185 Helena
786 2118 874 2204 apud
902 2119 1089 2185 Menelaum
1113 2119 1290 2204 pristinum

222 2231 378 2298 maritum
399 2235 469 2297 orat
492 2253 643 2316 causam,
666 2232 1006 2298 accusante'Heouba
1044 2232 1085 2297 In
1106 2231 1290 2297 Heraclidis

224 2344 337 2410 statim
360 2349 435 2429 post
460 2344 631 2429 prologum
653 2343 840 2410 instituitur
862 2344 1041 2410 rhetoricus
1065 2343 1216 2429 dialogus
1240 2344 1291 2409 in-

223 2463 273 2522 ter
296 2455 472 2541 Eurysthei
493 2477 684 2540 praeconem
696 2455 820 2543 Ooprea
836 2464 869 2522 et
885 2456 1030 2540 Iolaum,
1046 2478 1154 2524 coram
1171 2457 1291 2522 Demo-

219 2572 366 2656 phoonte
387 2592 462 2655 rege
482 2569 696 2636 Athenarum.
747 2570 786 2634 In
810 2569 937 2636 Helena
951 2569 1079 2654 fabula,
1097 2573 1135 2634 ut
1151 2569 1292 2635 Menelai

224 2684 312 2749 vitae
342 2688 509 2769 parcatur,
540 2683 610 2769 ipse
641 2688 674 2748 et
701 2704 782 2748 uxor
805 2683 933 2749 Helena
961 2683 1068 2769 longis
1091 2682 1292 2749 orationibus

225 2803 397 2883 precantur
428 2797 617 2862 aTheonod
639 2797 724 2883 regis
749 2819 865 2864 sorore.
912 2797 951 2862 In
979 2796 1130 2863 Herculis
1155 2796 1292 2863 furentis

225 2908 321 2975 initio
346 2909 430 2974 inter
454 2908 578 2994 Lycum
601 2914 634 2974 et
649 2909 922 2995 Amphitryonem
935 2908 1072 2975 habetur
1082 2909 1291 2994 colloquium,

227 3023 338 3090 eodem
374 3023 478 3088 colore
510 3022 632 3088 forensi
664 3021 826 3088 imbutum
833 3070 842 3105 ,
870 3021 991 3108 judicis
1017 3027 1126 3109 partes
1154 3023 1294 3088 obeunte

227 3137 323 3202 choro
354 3137 466 3222 (quem
497 3158 537 3202 ex
569 3135 700 3202 senibus
733 3135 905 3222 decrepitis
938 3139 1142 3201 constantem
1167 3136 1293 3201 mireris

226 3250 380 3316 adversus
410 3255 587 3334 tyrannum
611 3249 734 3333 Lycum
758 3248 881 3314 hiscere
903 3249 1048 3332 audere);
1073 3247 1107 3312 in
1131 3248 1197 3314 fine
1219 3269 1294 3314 vero

226 3363 324 3450 hujus
354 3365 537 3450 tragoediae
565 3363 692 3429 utinam
716 3363 915 3429 brevioribus
939 3363 1139 3429 orationihus
1163 3368 1294 3430 uteren-

227 3485 282 3542 tur
305 3478 460 3544 Hercules
484 3478 526 3543 ad
549 3477 779 3543 declarandum
804 3499 839 3542 se
861 3477 943 3543 mori
964 3477 1066 3561 velle,
1090 3478 1231 3543 Theseus
1253 3477 1295 3542 ad

227 3591 491 3658 dissuadendum.
539 3592 626 3672 Quid
656 3592 763 3658 dicam
791 3592 832 3658 de
860 3592 919 3658 illa
948 3591 1059 3679 λόγων
1081 3591 1215 3678 ἁμίλλῃ,
1238 3611 1296 3677 per

227 3709 359 3770 centum
375 3710 408 3770 et
422 3703 660 3790 quinquaginta
674 3725 785 3770 versus
797 3708 976 3789 protracta,
989 3703 1075 3770 inter
1087 3703 1294 3787 Clytaemne-

229 3821 330 3882 stram
352 3816 521 3884 humiliter
544 3818 730 3904 loquentem
752 3822 785 3883 et
802 3817 967 3884 Electram
983 3817 1152 3903 sanguinis
1166 3816 1296 3882 avidam

228 3953 287 3998 neo
305 3930 390 4017 jocis
413 3931 596 3997 crudelibus
620 3930 836 3997 abstinentem
853 3929 886 3994 ¹?
930 3930 1054 3996 Eadem
1079 3929 1209 3995 Electra
1230 3947 1296 3992 non

229 4045 325 4111 modo
353 4046 387 4109 in
414 4045 521 4110 vivam
554 4050 692 4110 matrem
726 4044 783 4110 sed
815 4043 912 4110 etiarn
944 4044 978 4108 in
1008 4048 1173 4108 mortuum
1195 4041 1296 4126 Aegi·

230 4158 342 4224 sthum
365 4157 462 4223 habet
485 4157 663 4223 orationem
678 4159 699 4223 ².
749 4157 813 4224 Sed
831 4155 900 4242 jam
925 4157 1005 4222 satis
1026 4156 1131 4220 multa
1148 4153 1297 4239 exempla

231 4271 402 4336 attulimus
426 4269 528 4336 studii
551 4270 619 4355 ejus
638 4270 821 4354 judicialis,
843 4291 947 4355 neque
961 4291 1001 4334 ex
1015 4269 1169 4335 dramatis
1183 4268 1296 4353 deper-

264 4456 271 4486 ¹
305 4455 365 4507 vid.
382 4456 478 4507 Electr.
494 4471 530 4505 vs.
550 4457 619 4509 1127.

265 4541 275 4574 ²
307 4544 401 4596 Electr.
418 4561 455 4595 vs.
472 4546 610 4598 907-956.
