3284 5338
295 641 377 705 lhld.
398 659 441 700 vs.
465 644 555 700 1326:

414 736 526 822 άνεχε,
547 736 676 821 πάρεχε·

243 911 246 918 .
294 828 459 890 Scholiasta
480 833 619 902 annotat,
642 827 730 905 vulgo
751 828 822 888 haec
845 828 933 888 verba
955 829 1056 890 referri
1078 828 1116 889 ad
1137 829 1190 889 illa
1212 828 1334 890 (lassan-

253 924 321 984 drae
342 925 441 985 furore
462 929 613 1003 correptae
634 923 666 982 in
687 922 791 983 Troasi
814 927 869 996 (vs.
892 928 950 984 308
972 927 1046 1004 sq.):

417 1021 523 1108 ἄνεχε,
546 1021 681 1107 πάρεχε,

416 1123 484 1202 νὼς
507 1119 603 1204 νέου
626 1111 727 1200 σέβων
751 1106 868 1201 φλέγω·

254 1209 310 1270 Sed
341 1229 376 1270 ex
404 1229 473 1270 vero
504 1209 600 1284 addit,
633 1209 783 1269 Troadum
813 1209 946 1270 fabulam
977 1211 1103 1289 septimo
1124 1209 1243 1270 demum
1265 1214 1333 1287 post

253 1305 365 1384 Vespas
386 1323 464 1366 anno
485 1323 548 1365 esse
564 1310 669 1364 aotam.
703 1303 829 1380 (Similis
855 1323 940 1372 error¹
952 1305 1214 1384 grammaticorum
1237 1304 1334 1364 videa-

254 1405 303 1460 tur
323 1400 355 1459 in
376 1399 466 1460 schol.
489 1399 527 1459 ad
547 1399 657 1459 Avium
679 1418 720 1459 vs.
743 1402 825 1477 348.)
858 1398 964 1478 ltaque
986 1406 1036 1460 aut
1058 1401 1159 1461 nullus
1180 1407 1233 1460 aut
1259 1399 1334 1459 alius

255 1495 376 1574 quidam
406 1495 489 1555 locus
520 1494 698 1574 Euripidcus
730 1493 779 1554 hic
799 1494 973 1573 respicitur3
994 1495 1049 1555 hoo
1074 1495 1233 1556 verisimile
1259 1494 1334 1554 duco

254 1596 373 1670 propter
393 1589 503 1651 Avium
524 1608 566 1650 vs.
592 1595 683 1662 1720,
706 1589 758 1649 ubi
780 1589 839 1649 vid.
861 1607 935 1668 quae
957 1590 1107 1651 annotavi.

297 1785 382 1848 lhld.
403 1804 445 1845 vs.
469 1787 548 1844 1482
568 1801 644 1862 sqq.:

419 1883 467 1955 τίς
489 1881 534 1945 ἐπ’
556 1878 707 1945 αὐλείοισι
731 1877 840 1966 θάροις
863 1877 984 1949 θάσσω

263 2139 264 2142 ¹
383 2109 386 2114 ·
416 2069 541 2163 κλῇθρα
561 2068 716 2156 χαλάσθω
737 2066 825 2139 τάδε·
849 2073 897 2133 καὶ
920 2066 958 2144 δὴ
981 2069 1044 2155 γὰρ

278 2173 283 2190 “
421 2169 584 2252 σχήματος
607 2164 709 2252 ἀρχή,

416 2353 559 2440 πλευρὰν
579 2354 775 2439 λυγίσαντος
796 2355 857 2419 ὑπὸ
880 2352 996 2440 ῥύμης·

417 2449 487 2513 olov
507 2451 624 2536 μυκτὴρ
647 2453 776 2531 μυκᾶται
799 2453 846 2514 καὶ

419 2538 607 2628 σφόνδυλος
630 2542 710 2628 ἀχεῖ·

296 2636 334 2697 In
354 2636 401 2696 his
421 2654 508 2696 nemo
528 2641 602 2714 puto
614 2637 761 2714 tragicum
772 2655 832 2696 non
844 2641 983 2715 agnoscet
995 2635 1123 2696 colorem
1135 2661 1142 2706 ;
1159 2633 1210 2696 sed
1221 2634 1332 2695 scholia

219 2812 224 2822 ¹
256 2750 316 2791 non
338 2730 433 2790 citant
454 2728 645 2808 tragoediam.

296 2909 392 2972 Pacis
420 2927 462 2968 vs.
484 2895 522 2968 76
544 2924 587 2985 sq.
620 2905 771 2988 'lhygseus
791 2907 901 2968 dicitnr
920 2908 965 2967 ita
985 2908 1131 2968 allocutus
1151 2925 1213 2968 esse
1240 2926 1334 2968 scara·

255 3002 361 3063 haeum
382 3021 481 3086 sunm3

419 3098 444 3162 ὦ
468 3098 662 3182 Πηγάσειον,
685 3102 778 3184 φησί,
800 3106 949 3182 γενναῖον
970 3100 1103 3183 πτερόν,

417 3197 505 3268 ὅπως
526 3196 649 3271 πετήσει
669 3193 699 3275 μ’
721 3191 793 3258 εὐθὺ
815 3199 870 3258 τοῦ
895 3196 973 3267 Διὸς
995 3189 1124 3276 λαβών·

297 3287 461 3348 Scholiasta
481 3286 555 3346 citat
577 3286 815 3366 Bellerophontis
836 3287 874 3347 ed
894 3305 1003 3365 equum
1025 3286 1168 3364 aligerum
1190 3286 1279 3346 verba
1300 3307 1335 3348 cx

260 3377 414 3462 tragoedia
431 3381 614 3460 cognomini:

419 3477 469 3565 ἄγ’
492 3478 516 3541 ὦ
541 3476 637 3562 φίλον
658 3506 710 3562 μοι
731 3481 884 3565 Πηγάσου
906 3480 1037 3565 πτερόν,

257 3592 345 3652 quem
375 3592 501 3634 versum
525 3571 630 3634 Suidas
660 3576 693 3635 in
713 3593 783 3635 voce
804 3577 925 3662 ἐώρημα
946 3569 1077 3654 supplet,
1099 3573 1229 3634 scribens
1254 3574 1334 3658 ταχὺ

257 3671 379 3757 πτερόν.
1420 3663 1424 3672 ’

986 3765 1099 3827 (Fragm.
1114 3765 1164 3814 ³08
1181 3763 1267 3826 Dind.)

299 3926 381 3991 ltid.
402 3946 444 3986 vs.
470 3931 526 3986 114
549 3945 625 4006 sqq.:

420 4025 443 4088 ὦ
466 4018 575 4110 πάτερ,
599 4024 623 4087 ὦ
645 4023 755 4106 πάτερ,
776 4020 824 4102 ἆρ’
847 4021 958 4103 ἔτυμός
983 4051 1019 4109 γε

420 4115 557 4201 δώμασιν
579 4120 737 4202 ἡμετέροις
760 4118 852 4203 φάτις
874 4117 950 4194 ἥκει,

420 4214 463 4288 ὡς
485 4218 523 4278 σὺ
544 4215 607 4296 μετ’
632 4211 770 4298 ὀρνίθων
791 4211 961 4297 προλιπὼν
987 4215 1034 4294 ἐμὲ

419 4311 450 4382 ἐς
472 4311 607 4395 κόρακας
627 4303 730 4392 βαδιεῖ
752 4309 963 4390 μετομώνιος;

299 4401 381 4461 Haeo
412 4403 586 4463 scholiastae
618 4401 754 4462 videntur
786 4421 921 4480 expressa
941 4421 1003 4464 esse
1025 4402 1062 4462 ad
1083 4402 1172 4462 verba
1193 4421 1227 4462 ex
1250 4402 1335 4463 Euri-

260 4494 337 4573 pidis
358 4495 470 4571 ΑοοίοεἸ
