3258 5328
764 433 800 493 11

251 626 433 705 temporum
458 617 601 683 moribus
625 639 756 703 prorsus
779 639 844 682 nou
867 617 1054 700 ferendum,
1079 619 1165 704 quod
1189 620 1320 706 Euripi-

251 733 316 798 dis'
333 731 473 797 humiles
509 731 634 796 natales
657 737 690 796 et
713 731 890 795 domestica
913 730 1080 797 calamitas
1105 731 1322 816 praebuerunt

251 847 419 912 materiem
442 845 722 910 acerbissimorum
745 843 972 908 conviciorum.
1010 843 1144 923 Quoties
1159 844 1189 908 ei
1205 866 1319 929 expro-

149 993 151 997 ·
252 960 344 1024 brata
377 965 426 1023 est
460 963 563 1022 mater
597 956 683 1022 olera
716 958 889 1024 venditans
927 957 1032 1039 Olito,
1070 959 1231 1042 “agrestis
1265 959 1323 1023 illa

253 1073 345 1155 dea’'‚
370 1072 456 1136 unde
481 1073 646 1155 “agrestes
671 1093 745 1136 suos
770 1071 897 1136 mores’'
922 1070 1100 1148 duxerat¹3
1118 1092 1323 1157 quamsaepe

253 1183 395 1271 apertius
423 1183 630 1248 obscuriusve
654 1184 695 1248 ad
718 1185 827 1250 uxoris
851 1183 1077 1249 infidelitatem
1101 1185 1219 1250 alludit
1248 1185 1322 1250 Ari·

254 1297 445 1381 stophanes,
471 1316 585 1379 parurn
609 1317 731 1364 mernor
755 1319 868 1362 aureae
892 1295 1020 1381 regulae
1037 1318 1135 1382 quam
1147 1296 1181 1361 in
1195 1298 1322 1362 Raris*

253 1415 321 1474 tam
343 1407 484 1494 graviter
507 1407 575 1472 edit
596 1408 793 1493 Aeschylus:
820 1411 936 1476 “decet
959 1416 1089 1495 poetam
1112 1433 1177 1476 non
1194 1412 1323 1497 quidvis

256 1523 401 1606 effutire,
439 1523 495 1588 sed
533 1545 614 1610 quae
650 1523 757 1608 turpia
791 1530 868 1588 sunt
902 1522 1058 1587 oblivioni
1082 1524 1190 1588 dare.''
1238 1523 1324 1589 Talis

254 1639 370 1703 modus
395 1638 614 1702 adversarium
639 1636 853 1722 opprimendi,
879 1635 1050 1702 hodiernae
1073 1658 1137 1721 qua
1147 1637 1325 1721 gloriamur

256 1750 432 1816 urbanitati
455 1772 640 1835 repugnans
659 1750 687 1833 ⁸,
708 1739 847 1834 judicari
870 1748 966 1814 debet
989 1747 1101 1813 habita
1116 1748 1325 1835 antiquorum

255 1886 382 1931 morum
413 1865 556 1942 ratione3
590 1864 770 1949 cogitemus
795 1884 913 1949 quaeso
943 1870 1066 1948 quanta
1092 1863 1179 1947 apud
1202 1870 1326 1930 veteres

256 1979 355 2044 fuerit
386 1977 514 2043 dicendi
545 1977 697 2060 libertas,
730 1983 948 2062 quantamque
980 1976 1129 2061 inprimis
1162 1976 1196 2040 in
1231 1999 1335 2042 scena

257 2091 380 2157 comica
401 2091 567 2156 licentiam
582 2089 751 2155 offenderit
764 2089 999 2174 Aristophanes
1017 2089 1037 2153 ⁸.
1064 2089 1205 2154 Fortiter
1221 2091 1328 2156 odisse

176 2247 179 2249 -
258 2205 385 2290 antiqui
418 2204 566 2269 homines
600 2203 690 2268 laudi
723 2203 904 2284 duxerunt,
936 2223 1039 2287 neque
1072 2202 1215 2287 profecto
1244 2203 1328 2268 hanc

258 2317 386 2383 laudem
410 2317 623 2402 Aristophani
646 2317 785 2382 abnuere
807 2337 990 2402 possumus.

304 2430 369 2496 Ubi
400 2430 470 2514 jam
504 2429 695 2515 descripturi
730 2451 841 2494 sumus
875 2439 908 2495 et
943 2430 1152 2514 dijudicaturi
1184 2416 1329 2517 eaquae

260 2543 493 2630 Aristophanes
529 2542 645 2626 objecit
679 2541 846 2626 Euripidi,
881 2564 945 2607 non
978 2548 1087 2628 potest
1121 2543 1200 2630 quin
1234 2566 1329 2629 aegre

260 2659 400 2724 feramus
432 2657 518 2742 quod
549 2656 715 2741 utriusque
748 2655 869 2740 scripta
897 2677 963 2720 non
990 2657 1086 2721 modo
1111 2679 1175 2722 non
1200 2659 1329 2742 integra

262 2774 303 2836 ad
326 2793 384 2837 nos
408 2776 638 2856 pervenerunt,
662 2768 718 2832 sed
739 2768 837 2853 longe
860 2769 1004 2832 maxima
1026 2790 1136 2834 eorum
1152 2791 1226 2855 pars
1245 2775 1327 2835 tem-

263 2885 350 2970 poris
372 2884 492 2971 injuria
514 2882 607 2947 nobis
631 2887 681 2946 est
704 2881 840 2946 sublata.
890 2881 985 2946 Nunc
1009 2881 1094 2946 enim
1118 2904 1182 2947 non
1207 2905 1329 2968 paucae

265 2998 485 3075 accusationes
517 2995 743 3061 tantummodo
767 3015 807 3058 cx
832 2994 982 3060 brevibus
1006 2994 1215 3078 fragmentis,
1244 2997 1331 3081 apud

264 3113 455 3180 scholiastae
486 3109 640 3191 servatis,
676 3106 824 3191 dignosci
856 3113 897 3198 et·
921 3105 1079 3172 illustrari
1102 3121 1256 3192 possunt3
1282 3109 1330 3176 fa-

297 3335 305 3367 ¹
322 3337 434 3388 Acharn.
460 3337 522 3392 457,
539 3337 601 3394 4783
618 3335 703 3398 Equit.
723 3335 754 3384 18
769 3349 817 3396 sq.;
834 3333 985 3396 Thesmoph.
1002 3313 1066 3392 387,
1082 3336 1143 3392 lara
1160 3336 1253 3386 Ranae.
1271 3337 1332 3394 84ος

263 3426 299 3476 cf.
320 3427 395 3476 ctiam
411 3425 563 3489 Thesmoph.
580 3426 629 3474 910
645 3440 701 3474 cum
718 3423 801 3474 Schol.

297 3514 387 3566 ’aaa
405 3516 469 3564 1054
486 3530 522 3578 sq.

298 3604 308 3635 ³
324 3604 364 3654 “Il
381 3604 431 3653 faut
446 3618 537 3653 avoner
554 3618 601 3666 que
617 3603 654 3652 188
670 3602 786 3673 allusione
801 3602 817 3649 'a
833 3603 858 3651 la
875 3603 1013 3667 profession
1030 3604 1060 3650 de
1076 3603 1100 3651 la
1113 3603 1334 3668 mered'Euripide

267 3702 340 3746 “sont
363 3695 514 3744 miserables.
546 3692 611 3758 Qu'y
627 3694 690 3742 a-t-il
707 3707 738 3742 eu
756 3692 812 3740 effct
828 3693 858 3741 de
874 3692 977 3756 piquant
992 3693 1008 3741 a
1024 3691 1139 3755 rappcler
1155 3694 1195 3757 qu'
1213 3694 1333 3757 Euripide

266 3790 319 3836 “est
343 3785 382 3834 fils
405 3784 478 3833 d'une
504 3783 661 3832 verdariere?
694 3782 820 3843 Qu'est-ce
844 3797 891 3844 que
915 3782 967 3831 cela
995 3791 1055 3845 peut
1082 3782 1183 3830 enlever
1201 3798 1232 3830 au
1249 3783 1335 3832 merite

267 3879 313 3924 “du
341 3875 419 3938 grand
443 3872 531 3938 poeta?
555 3875 643 3922 ,Entre
667 3873 734 3920 deux
761 3872 871 3920 homines
897 3886 929 3920 ou
954 3874 1020 3920 deux
1043 3871 1127 3920 arbres
1144 3874 1204 3921 dont
1220 3873 1256 3921 les
1273 3875 1335 3922 tetes

268 3974 338 4016 “sont
350 3982 381 4014 au
398 3967 478 4013 meme
495 3964 599 4020 niveae,
617 3951 693 4010 est-ce
710 3975 757 4024 que
776 3960 841 4009 celui
857 3960 899 4023 qni
908 3969 964 4023 part
971 3963 1002 4009 de
1011 3961 1067 4023 plus
1076 3960 1191 4010 hasn'est
1200 3977 1242 4024 pas
1251 3963 1334 4012 188118-

267 4063 350 4105 “ment
365 4055 389 4104 lc
405 4055 461 4117 plus
481 4055 560 4116 grand
577 4054 620 4100 (188
637 4053 716 4099 deux?
733 4049 805 4098 Ainsi
823 4049 870 4098 l'on
881 4051 940 4098 doit
955 4051 1110 4098 reconnaltre
1130 4050 1336 4114 qn'icilapensee

268 4144 479 4207 “d'Aristophane
495 4157 526 4191 ne
544 4149 603 4189 vaut
622 4155 665 4202 pas
682 4139 766 4188 mieux
782 4154 830 4202 que
847 4154 884 4188 ses
901 4139 1072 4189 sentiments.''
1092 4167 1120 4175 -
1140 4140 1169 4188 11.
1187 4141 1336 4198 Deschanel,

269 4218 362 4285 Fltndes
380 4249 422 4282 sur
439 4232 618 4295 Aristophane,
636 4244 693 4292 pag.
710 4229 767 4282 247.

301 4325 311 4354 ⁴
328 4323 391 4373 “Die
414 4322 510 4372 Grenae
526 4320 647 4370 awischeu
663 4320 719 4367 dem
738 4317 871 4381 Cynismus
891 4317 935 4364 der
951 4316 1063 4381 Gattung
1080 4318 1156 4367 8811181
1175 4321 1266 4369 und...
1288 4323 1335 4370 den

268 4411 453 4475 “peradnlichen
480 4409 666 4461 Geschm'acken
690 4407 734 4456 der
753 4405 874 4456 Komilicr
898 4406 931 4455 ist
955 4407 1049 4455 schwer
1069 4423 1098 4455 zu
1116 4408 1287 4457 bestimmeu.”
1304 4437 1335 4447 -

269 4502 404 4551 Bernhard.
427 4515 481 4563 pag.
502 4501 557 4550 aul.
904 4482 906 4488 Ι
1199 4488 1201 4494 ’
