3284 5338
753 444 790 505 81

235 635 423 719 Αἰγικορέων
448 630 618 697 deducitur
641 653 660 695 a
685 631 830 697 Palladis
853 631 1003 718 aegide¹,
1027 639 1060 698 et
1077 634 1166 700 Ionis
1188 657 1306 702 nomen

232 765 291 829 pro
314 743 485 830 participio
500 743 591 809 verbi
604 748 679 810 ἰέναι
695 744 865 822 habetur&
884 731 1039 810 Zeton'em
1055 745 1118 813 ἀπὸ
1133 755 1189 814 τοῦ
1204 747 1306 824 Ζητεῖν

231 859 342 931 τόπον,
365 855 587 941 Amphionem
606 861 654 923 ὅτι
670 860 703 922 ἐν
718 853 812 943 διόδῳ
828 857 846 932 ἢ
863 861 910 923 ὅτι
922 857 999 945 ἀμφὶ
1011 854 1090 925 ὁδὸν
1102 860 1198 924 αὐτὸν
1210 857 1307 924 ’ἔτεκεν

232 975 336 1036 mater
357 969 574 1056 appellavisse
595 969 716 1035 dicitur
731 969 756 1054 ³,
782 991 880 1055 quam
895 970 1127 1056 etymologiam
1144 991 1210 1036 non
1223 969 1306 1035 effu-

230 1081 320 1167 gisse
349 1082 464 1148 comici
493 1081 631 1169 sagittas
662 1080 766 1168 liquet
799 1103 839 1146 ex
869 1082 930 1148 hoo
959 1083 1030 1149 loco
1054 1081 1172 1148 veteris
1195 1103 1306 1168 gram-

231 1194 358 1261 matici:
383 1201 401 1262 ὁ
423 1193 455 1262 δὲ
475 1193 709 1282 Ἀριστοφάνης
730 1197 973 1278 κωμικευόμενος
989 1195 1073 1282 λέγει
1085 1192 1306 1281 ὅτιἈμφοδος

232 1307 343 1395 ὤφειλε
364 1307 515 1384 κληθῆναι
529 1306 551 1371 ⁴.
593 1306 656 1372 Per
689 1306 847 1391 frigidum
870 1305 979 1380 lusum
1004 1306 1162 1392 Meleagri
1185 1328 1304 1371 nomen

230 1441 306 1485 cum
338 1419 431 1506 μελέᾳ
452 1420 536 1508 ἄγρᾳ
571 1419 744 1504 Calydonii
779 1420 850 1504 apri
881 1419 1083 1486 connectitur
1098 1421 1123 1504 ⁶,
1148 1425 1182 1486 et
1204 1441 1305 1506 equus

231 1531 386 1618 Trojanus
405 1537 539 1598 vocatur
563 1530 706 1620 ὃοΰρειος
724 1535 835 1609 ἵππος,
853 1535 990 1621 κρυπτὸν
1008 1533 1178 1621 ἀμπισχὼν
1191 1530 1268 1621 δόρυ
1280 1531 1303 1598 ⁶.

262 1804 432 1865 Recentiorcs,
449 1810 585 1867 praeeunte
603 1802 634 1854 G.
652 1802 794 1863 Dindorfio,
812 1803 857 1852 hos
873 1816 962 1858 versus
977 1811 1094 1867 tanquam
1111 1781 1253 1856 subditicios
1270 1823 1307 1859 re·

226 1892 317 1957 jiciunt
341 1891 444 1956 (Bernh.
469 1891 503 1940 l.l.
528 1905 585 1954 pag.
611 1890 679 1954 tat).
719 1889 771 1960 Sed
794 1905 843 1954 qno
865 1894 966 1942 tandem
979 1891 1054 1956 jure?
1087 1894 1200 1945 Versum
1216 1900 1266 1948 293
1283 1908 1308 1948 et

229 1990 373 2048 sequentem
397 1995 475 2046 usqne
498 1981 561 2030 adeo
585 1995 658 2030 sensu
682 1994 767 2030 carere
783 1989 811 2029 nt
827 1995 859 2030 ne
875 1981 956 2032 infimi
973 1983 1073 2046 quidem
1089 1985 1183 2034 ordinis
1200 1987 1307 2051 interpo-

229 2074 295 2123 lator
310 2072 346 2120 ita
361 2080 390 2121 ut
406 2085 473 2121 nunc
488 2070 584 2135 legitur
600 2069 709 2119 scribere
724 2071 847 2134 potuerit,
865 2077 925 2134 puto
940 2072 966 2120 in
982 2071 1093 2123 confesso
1109 2088 1169 2124 csse.
1192 2075 1220 2126 si
1236 2076 1309 2140 hujus

229 2163 277 2212 loci
301 2161 410 2224 corrupti
434 2159 569 2224 probabilis
594 2158 713 2208 concutio
739 2159 895 2209 inveniretur
919 2160 988 2222 (nam
1012 2161 1078 2220 ἔθηκ’
1106 2162 1134 2211 ἐν
1158 2162 1226 2228 τῷδ’,
1242 2165 1309 2227 quod

230 2229 366 2304 Schoenins
390 2251 417 2299 in
441 2265 485 2300 sua
510 2249 619 2300 editione
644 2249 743 2313 scripsit
766 2264 816 2299 non
841 2249 945 2310 sufficit,
973 2265 1049 2314 quum
1074 2252 1214 2316 genitivum
1236 2253 1307 2303 illum

226 2340 309 2407 ’Ἤρας
332 2342 451 2391 intectum
477 2339 618 2403 reliquerit)
643 2338 705 2387 nihil
729 2339 769 2388 hic
793 2339 905 2390 viderem
929 2341 996 2405 quod
1017 2341 1048 2390 ab
1063 2342 1190 2406 Euripidis
1206 2342 1308 2408 ingenio

230 2431 368 2481 abhorreat.

264 2517 272 2552 ¹
306 2521 362 2570 Ion.
377 2534 415 2569 vs.
433 2519 508 2569 1580:
526 2518 587 2582 ἐμῆς
604 2515 626 2567 δ’
643 2516 692 2566 ἄπ’
709 2518 807 2583 αἰγίδος
823 2518 965 2584 Αἰγικορῆς.
983 2521 1073 2571 Nescio
1084 2528 1168 2572 uuum
1177 2521 1306 2589 hiomcgis

231 2611 257 2659 iu
281 2605 354 2674 poeta
377 2608 485 2658 demirer
505 2607 704 2670 intempestivam
721 2607 866 2657 eruditionis
881 2609 1081 2670 ostentationem,
1099 2624 1174 2675 quum
1191 2612 1307 2664 dramatis

230 2699 274 2749 fini
288 2708 371 2749 assuat
385 2697 499 2748 laciniam
518 2695 743 2760 archseologieam,
755 2712 865 2761 pannum
875 2712 924 2747 non
934 2693 1090 2764 purpureum
1100 2699 1144 2749 sed
1152 2697 1305 2763 pulvereum,

231 2803 263 2837 an
287 2788 387 2838 criticae
412 2785 536 2837 secularis
561 2785 684 2847 inopiam,
709 2800 785 2849 quum
810 2784 850 2835 vel
875 2786 902 2834 in
925 2794 976 2836 tam
1000 2787 1132 2838 manifesta
1155 2789 1307 2853 etymologia

230 2875 326 2926 titubet.
1210 2884 1213 2890 ’

263 2963 274 2999 ²
306 2966 361 3016 Ion.
378 2979 415 3014 rs.
432 2965 478 3014 661
497 2978 549 3027 sqq.
567 2963 669 3014 Xuthns
686 2963 722 3013 sic
737 2963 858 3027 loquitur:

452 3052 532 3103 Ἰωνα
548 3052 570 3104 δ’
587 3053 703 3119 ὀνομάζω
721 3069 757 3114 σε,
776 3055 809 3118 τῇ
826 3053 891 3118 πύχρ
909 3052 1015 3117 πρέπον,

458 3140 570 3193 ὁθούνεκ’
589 3141 691 3193 deiros
704 3141 794 3199 ἐξιόντι
809 3160 852 3205 μοι
869 3141 926 3192 θεοῦ

457 3233 529 3297 ἴχνος
547 3231 662 3295 ξυνῆψας
680 3235 790 3296 πρῶτος.

263 3323 295 3374 In
310 3325 357 3373 hcc
373 3330 456 3372 tamen
473 3321 624 3371 derivatione
640 3326 677 3370 est
687 3333 732 3369 eur
744 3318 888 3378 conniveas3
905 3318 997 3369 scilicet
1010 3319 1157 3384 ipscsabnlu
1166 3322 1307 3374 dePhoebo

231 3412 346 3465 Xuthum
366 3412 469 3476 jubente
493 3419 522 3460 ut
547 3424 594 3474 pro
617 3409 670 3460 filio
694 3411 794 3472 adoptet
815 3408 857 3472 qui
878 3408 924 3457 sibi
940 3423 954 3458 e
970 3410 1064 3472 templo
1082 3412 1197 3461 redeunti
1213 3412 1308 3476 primus

231 3504 319 3554 obvius
343 3503 425 3562 ficret,
451 3501 491 3565 (ci.
516 3515 554 3550 vs.
576 3501 626 3550 535
651 3500 726 3565 sqq),
753 3498 853 3548 videtur
877 3498 952 3549 fuisse
967 3501 1071 3551 conficta
1085 3502 1117 3551 sd
1134 3502 1307 3567 explicandum

231 3607 324 3644 nomen
341 3593 416 3644 Ionis.
1016 3595 1018 3598 ’

263 3680 274 3712 ³
307 3680 402 3746 Hygin.
418 3680 465 3730 fab.
482 3681 506 3733 7.
516 3678 740 3730 -Valckeuarius
757 3678 841 3729 Diatr.
857 3691 911 3742 cap.
926 3681 943 3731 7
959 3679 991 3728 de
1007 3678 1120 3744 Antiope
1131 3678 1215 3730 sabula
1225 3695 1309 3744 agens,

231 3771 353 3831 “nollem,
377 3770 470 3835 inquit,
495 3769 534 3819 his
551 3769 651 3833 ineptiis
667 3768 776 3832 tragicus
792 3769 914 3818 eximium
931 3767 993 3818 illud
1010 3781 1082 3818 snum
1098 3771 1184 3820 drama
1205 3772 1308 3821 dedeeo·

232 3864 352 3911 “ramat''

264 3950 274 3981 ⁴
307 3949 416 4014 Etymol.
438 3962 522 4013 magn.
539 3962 598 4011 pag.
615 3947 655 3998 92.
673 3972 704 3983 -
720 3945 832 3997 Versum
849 3945 1025 4010 Aristophanis
1041 3946 1309 3998 esecnudisThesmo-

233 4039 386 4102 phorineusis
402 4038 503 4103 praebet
519 4037 614 4087 Pollux
631 4039 659 4096 9,
681 4036 727 4086 ὅθι

292 4128 422 4195 Ἀμροδον
438 4128 516 4192 ἐχρῆν
532 4126 604 4192 αὐτῷ
619 4125 732 4176 τίθεσθαι
749 4126 861 4190 τοῦνομα
878 4125 970 4188 (Arist.
987 4124 1077 4190 fragm.
1094 4125 1172 4176 Dino.
1187 4127 1256 4190 ³04).

265 4215 276 4251 ⁸
309 4215 450 4282 Μελέαγρι,
473 4214 570 4280 μελέαν
593 4214 641 4280 γάρ
670 4213 729 4264 ποτ’
754 4213 867 4279 α’γρεύεις
892 4213 984 4279 ἄγραν.
1018 4216 1104 4280 Etym.
1133 4229 1217 4280 magn.
1237 4215 1264 4264 in
1286 4233 1310 4270 r.

234 4306 397 4369 Meleager
419 4304 519 4370 (fragm.
536 4303 613 4355 Dind.
630 4303 699 4366 521).
731 4304 786 4353 Ηοο
801 4309 968 4353 commentum
984 4317 1017 4353 ne
1033 4305 1093 4368 ipsis
1109 4303 1209 4369 quidem
1229 4321 1311 4369 gram·

236 4395 332 4444 mcticis
348 4395 431 4458 potuit
446 4394 556 4459 plaeere,
574 4401 635 4444 teste
651 4392 732 4443 Beki.
751 4393 844 4442 Anecd.
861 4407 919 4457 pag.
939 4393 1009 4442 1163.

267 4483 278 4516 ⁸
311 4484 403 4534 'l'rocd
421 4499 457 4534 vs.
477 4485 514 4532 lt.

1160 4580 1177 4639 o
