3258 5328
758 437 800 497 47

163 683 168 696 ‚
244 613 434 701 conjiciente
466 616 506 680 ab
535 623 727 707 argumento
746 622 800 683 'est
823 618 1063 684 alienissimum
1086 625 1118 684 et
1140 639 1181 685 ne
1203 642 1259 706 per
1281 644 1314 687 se

245 729 375 814 quidem
399 729 441 793 ad
464 730 662 814 tangendam
686 731 906 816 spectantium
929 740 1074 798 mentem
1098 733 1180 798 mihi
1203 739 1315 819 aptum

244 843 372 909 videtur
390 843 408 907 ¹.
435 843 474 928 In
498 843 741 911 Andromaches
763 846 867 931 priore
889 851 981 932 parte
998 847 1038 912 de
1050 845 1154 931 ipsius
1165 845 1316 911 heroinae

245 955 363 1022 misera
392 957 577 1024 conditione
609 959 735 1044 agitur,
771 959 804 1024 in
828 959 930 1025 altera
953 981 1028 1025 vero
1052 958 1199 1025 deflenda
1222 957 1316 1022 nobis

244 1076 295 1134 est
330 1069 445 1154 Pyrrhi
477 1091 583 1152 mors,
616 1093 691 1136 cum
722 1071 914 1138 Hermiones
939 1073 988 1137 ira
1010 1073 1045 1136 iu
1067 1071 1317 1137 Andromachen

245 1181 300 1245 vix
338 1183 509 1248 cohaerens
523 1182 545 1247 ⁹.
595 1183 644 1247 De
676 1182 764 1248 Ionis
798 1183 856 1248 illa
889 1188 982 1268 parte
1014 1183 1048 1247 in
1083 1205 1147 1268 qua
1181 1183 1316 1248 insidias

244 1293 312 1359 filio
346 1300 439 1380 parat
469 1299 590 1377 mater,
621 1316 728 1360 meam
756 1296 940 1386 opinionem
967 1297 1038 1382 jam
1065 1296 1195 1362 ostendi
1220 1318 1317 1381 supra

245 1427 318 1492 pag.
354 1409 395 1472 36
427 1429 473 1493 sq.
524 1407 605 1472 Prae
626 1407 758 1492 reliquis
788 1430 862 1474 vero
885 1408 1045 1474 Troadum
1069 1407 1235 1494 tragoedia
1257 1408 1317 1473 hoe

245 1519 376 1583 nomine
399 1524 449 1584 est
473 1519 696 1605 vituperanda,
721 1521 842 1607 quippe
864 1520 898 1586 in
924 1544 1023 1608 quam
1046 1529 1219 1607 congestae
1250 1522 1317 1586 sint

234 1647 294 1695 'res
318 1630 479 1716 plurimae
509 1633 550 1696 ad
584 1633 694 1719 Trojae
728 1634 1004 1720 expugnationem
1031 1635 1230 1720 pertinentes
1261 1635 1317 1701 sed

245 1750 405 1808 caeterum
442 1744 534 1809 nulla
577 1745 692 1830 copula
727 1745 813 1812 inter
853 1769 887 1812 se
923 1769 1104 1814 connexae:
1151 1747 1318 1832 Polyxena

146 1933 147 1940 ἵ
245 1861 387 1922 mactata
418 1856 459 1921 ad
490 1857 631 1922 Achillis
665 1858 846 1941 tumulum,
878 1859 1049 1944 Astyanax
1081 1860 1196 1944 Pyrrhi
1221 1860 1317 1946 jussu

245 1968 285 2033 de
324 1991 416 2035 muro
455 1969 663 2054 deturbatus,
706 1969 887 2036 Cassandra
925 1971 1059 2038 fatidico
1096 1974 1202 2038 furore
1248 1995 1317 2039 cor-

245 2089 354 2169 repta,
388 2084 514 2150 Helena
549 2105 602 2149 rea
632 2090 704 2149 acta
735 2085 775 2150 ab
807 2084 943 2149 Hecuba
973 2094 1007 2151 et
1038 2107 1144 2150 coram
1169 2087 1317 2152 Menelao

246 2221 279 2264 se
309 2197 503 2275 defendens3
541 2197 676 2262 Hecuba
711 2203 822 2263 autem
857 2204 891 2262 et
917 2198 1143 2264 Andromache
1170 2200 1210 2265 ob
1235 2200 1316 2267 libe-

244 2333 353 2378 rorum
383 2311 514 2376 caedem
544 2311 652 2396 longis
685 2311 824 2397 querelis
848 2295 1039 2398 indulgent,
1064 2319 1098 2378 et
1120 2312 1156 2378 in
1178 2313 1244 2379 fine
1267 2315 1316 2381 fa-

244 2424 340 2491 bulae
374 2425 489 2490 chorus
525 2424 627 2489 oculis
659 2424 823 2510 objectum
846 2424 957 2510 Trojae
980 2424 1168 2492 incendium
1193 2427 1317 2493 lamen·

246 2544 343 2605 tatur.
390 2539 460 2606 Has
493 2541 576 2626 epici
607 2540 759 2606 carminis
792 2541 944 2606 materias
971 2540 1006 2604 in
1028 2542 1173 2608 dramate
1195 2543 1317 2628 tragico

245 2674 311 2718 non
334 2654 565 2719 coacervandae
588 2653 702 2736 fuisse,
723 2653 775 2720 vel
798 2675 850 2720 me
875 2659 1002 2718 tacente
1023 2655 1130 2739 quivis
1142 2656 1314 2744 intelligit3

246 2773 315 2830 tota
340 2767 427 2831 enim
451 2766 572 2853 ἅλωσις
595 2766 654 2832 illa
677 2789 743 2833 non
763 2771 873 2852 potest
895 2788 960 2832 una
982 2769 1149 2854 tragoedia
1171 2774 1315 2857 tractari,

246 2884 284 2944 ut
306 2879 346 2944 ab
370 2879 548 2945 Aristotele
569 2879 656 2963 (Art.
673 2888 758 2966 poet.
780 2881 837 2966 18)
853 2880 1020 2946 verissime
1035 2888 1086 2947 est
1099 2883 1313 2951 observatum.

247 2992 334 3079 Ergo
357 2993 500 3079 aliquam
524 2992 593 3079 ejus
616 3001 742 3079 partem
765 2993 806 3058 de
826 3015 889 3079 qua
912 2999 1023 3079 ageret
1042 2995 1160 3080 eligere
1186 2997 1316 3064 debuis-

246 3113 296 3170 set
317 3105 519 3192 .Euripides;
556 3128 643 3172 nunc
677 3128 752 3172 vero
786 3111 956 3173 centonem
992 3107 1101 3191 potius
1135 3112 1318 3196 composuit

247 3240 343 3305 quam
368 3220 480 3284 drama
502 3219 584 3285 bene
608 3220 802 3285 ordinatum.
1249 3203 1252 3209 ¹

279 3429 287 3460 ¹
321 3429 376 3488 Nisi
393 3444 433 3480 res
450 3439 567 3494 ageretur
582 3431 708 3494 lugubris,
731 3433 809 3481 risum
825 3432 956 3495 praeberet
973 3432 1089 3493 Euadne,
1105 3441 1237 3499 antequam
1254 3437 1316 3487 deai-

246 3518 291 3567 liat
306 3519 337 3568 de
354 3520 447 3583 scopuli
463 3521 589 3570 cacumine
605 3521 766 3570 subsanniens
783 3522 875 3570 misero
883 3521 1079 3584 latri,versibns
1087 3537 1165 3586 paene
1173 3525 1278 3584 comicis,
1287 3525 1318 3574 ab

246 3608 293 3656 ista
308 3621 413 3670 persona
428 3610 524 3672 istoque
541 3618 650 3673 tempore
666 3625 767 3674 prorsus
783 3610 871 3660 alienis
888 3611 934 3673 (vs.
954 3611 1132 3678 luit-1022).
1158 3615 1248 3679 Apage
1257 3616 1316 3665 illud

247 3697 399 3759 episodium,
424 3713 472 3761 quo
497 3706 592 3750 semoto
615 3707 692 3749 restat
716 3713 764 3750 non
790 3701 918 3764 tragoedia
938 3701 1048 3764 quidem,
1065 3704 1107 3752 sed
1125 3705 1317 3768 pulcherrimum

246 3796 329 3835 tumen
345 3801 459 3847 carmen,
477 3790 508 3836 ad
525 3789 620 3851 epicum
637 3805 716 3853 genus
733 3790 847 3852 proxime
864 3793 989 3840 accedens.

279 3873 290 3905 ²
321 3875 380 3924 Non
396 3876 452 3924 ideo
469 3877 536 3926 enirn
553 3877 584 3925 ab
602 3877 705 3936 Oreste,
722 3878 817 3927 scelesti
834 3879 917 3928 sicarii
932 3881 1043 3944 partibus
1060 3883 1189 3946 fungente,
1199 3885 1316 3934 interimi-

246 3971 287 4013 tur
313 3964 420 4014 Achillis
444 3964 524 4023 filins,
550 3968 614 4029 quod
639 3967 795 4017 Hermionen
819 3969 951 4031 despicatui
974 3971 1089 4031 haberet,
1113 3979 1210 4021 servata
1234 3988 1317 4023 secum

246 4054 334 4118 pellica
359 4055 548 4114 Andromache,
573 4057 616 4106 sed
640 4058 705 4120 quod
728 4071 783 4106 eam
799 4073 904 4107 uxorem
920 4061 1041 4120 duxerat,
1057 4061 1104 4124 ipsi
1121 4061 1205 4112 Oresti
1223 4065 1317 4126 pridem
1382 4071 1384 4077 '

247 4145 401 4208 desponsam.
435 4146 523 4208 Neque
545 4160 607 4208 opus
625 4155 679 4195 erat
695 4148 822 4211 Pyrrhum
838 4147 864 4195 in
881 4161 965 4196 orcum
981 4150 1111 4199 demittere
1129 4159 1156 4200 ut
1172 4151 1318 4202 liberaretur

247 4234 431 4284 Andromache.
464 4236 512 4284 Hic
529 4235 561 4284 ad
577 4235 608 4285 G.
626 4235 799 4285 Hermannum
816 4251 950 4298 provocare
968 4238 1039 4300 licet,
1056 4242 1143 4291 acerbe
1160 4243 1317 4292 damnantem

248 4331 422 4384 argumentum
440 4325 513 4388 hujus
531 4324 627 4374 fabulae
645 4325 670 4373 in
687 4325 879 4387 prolegomenis,
895 4341 951 4391 pag.
971 4329 1009 4376 13.

703 4505 881 4520 wmwvvvx«
