3284 5338
731 481 790 543 101

225 683 362 748 quorum
396 662 536 727 alterum
570 663 663 729 alteri
687 669 756 728 tam
780 663 887 730 simile
910 687 1007 751 quam
1031 686 1129 730 ovum
1157 671 1207 731 est
1229 688 1297 732 ovo.

226 775 392 858 Historia,
424 777 477 842 cui
509 775 621 841 fabula
644 783 694 842 est
717 783 956 862 superstructa,
980 799 1109 844 necesse
1132 786 1183 843 est
1205 777 1299 844 nobis

223 910 322 975 quam
345 889 487 974 primum
511 889 704 973 innotescat,
726 913 830 976 neque
845 911 989 976 repugno
1005 890 1177 976 quominus
1189 890 1300 956 futura

223 1023 350 1087 quoque
372 1003 662 1087 praenunciantur,
688 1025 751 1088 quo
774 1004 877 1088 major
905 1003 965 1069 fiat
987 1004 1098 1068 horror
1120 1011 1177 1068 aut
1200 1003 1298 1068 mise·
1365 1017 1367 1021 ’

222 1113 305 1178 ratio
332 1113 402 1198 jam
435 1136 493 1199 per
526 1114 666 1199 priorem
698 1115 827 1180 fabulae
856 1122 1000 1200 partem;
1025 1117 1112 1199 (etsi
1127 1116 1161 1180 in
1184 1115 1242 1180 illa
1264 1138 1298 1181 re

223 1233 344 1292 certum
380 1228 541 1313 quendam
573 1229 706 1300 modum
742 1229 861 1294 servari
892 1229 1009 1313 velim,
1039 1252 1113 1295 cum
1136 1233 1298 1295 caeterum

223 1361 370 1405 revocare
404 1341 438 1403 in
473 1347 616 1405 mentem
647 1340 777 1406 lectoris
805 1339 887 1404 mihi
910 1340 1005 1406 liceat
1028 1363 1110 1427 quae
1133 1342 1173 1407 de
1196 1343 1299 1407 nimia

224 1452 277 1537 vi,
303 1473 400 1538 quam
423 1452 510 1537 apud
534 1451 724 1536 Euripidem
747 1451 794 1516 dii
816 1457 966 1517 exercent
988 1452 1023 1516 in
1046 1475 1095 1518 res
1119 1453 1297 1538 humanas,

224 1566 293 1630 dixi
324 1587 422 1651 supra
453 1587 527 1651 pag.
563 1569 605 1632 29
631 1567 739 1652 sqq.);
765 1565 822 1630 sed
844 1566 1014 1652 permagni
1036 1552 1220 1654 refertque
1245 1569 1299 1633 via

224 1681 281 1745 ille
304 1701 419 1764 scopus
443 1679 632 1764 attingatur.
659 1679 698 1743 In
723 1679 899 1764 Euripides
917 1701 1013 1746 scena
1023 1681 1137 1746 statim
1147 1682 1298 1766 depresso

225 1793 338 1858 aulaeo
372 1792 517 1878 procedit
548 1792 681 1857 heroine
703 1791 861 1877 quaedam
877 1792 899 1876 ¹,
924 1793 1056 1878 longam
1078 1794 1299 1880 monologiam

226 1906 454 1983 decantatura3
480 1909 596 1970 cuncta
619 1905 658 1969 de
681 1925 715 1970 se
739 1904 870 1989 suisque
893 1911 1004 1970 exacte
1015 1906 1150 1992 fuseque
1159 1911 1297 1988 enarrat,

226 2017 307 2083 citra
329 2038 459 2083 omnem
483 2023 592 2082 tamen
616 2016 718 2081 animi
741 2014 912 2100 affectum:
937 2016 1056 2082 dixeris
1080 2039 1152 2082 eam
1174 2041 1214 2084 ex
1240 2042 1298 2083 an·

227 2130 356 2195 nulibus
386 2131 548 2215 pagellam
578 2129 780 2216 praelegere,
815 2130 894 2196 adeo
925 2131 1123 2195 examussim
1147 2113 1302 2196 describit

228 2248 369 2308 stemma
406 2264 501 2308 suum
517 2245 541 2326 ²,
578 2264 598 2307 a
628 2241 764 2306 Tantalo
789 2239 951 2306 (iadmove
974 2262 1095 2307 exorsa.
1123 2242 1203 2323 Quis
1227 2266 1300 2310 vero

229 2378 330 2442 aequa
362 2361 470 2419 mente
502 2353 614 2418 audiat
647 2354 821 2437 Jocasten,
858 2353 937 2418 dum
969 2353 1125 2438 summis,
1160 2360 1197 2421 ut
1229 2356 1302 2442 ipsa
1361 2383 1363 2388 ·

229 2473 385 2550 testatur,
425 2466 664 2532 calamitatibus
699 2487 853 2551 oppressa
894 2467 1042 2532 enucleat
1077 2468 1301 2564 genealogiam

230 2580 509 2647 Labdacidarum?
532 2580 601 2644 Aut
619 2580 779 2665 quomodo
799 2579 868 2644 fieri
886 2579 1006 2664 poterit
1024 2585 1062 2646 ut
1072 2603 1149 2647 mox
1159 2583 1302 2649 multum

231 2702 403 2779 tangamur
426 2692 618 2757 infortuniis
639 2693 789 2757 heroinae
812 2692 904 2776 cujus
929 2700 997 2757 tam
1020 2695 1105 2760 male
1118 2702 1303 2780 pertaesum

230 2807 278 2871 sit
306 2803 401 2868 initio
434 2803 609 2870 dramatis?
646 2805 825 2890 Aliquanto
857 2805 961 2871 levius
988 2811 1038 2871 est
1061 2807 1302 2872 incommodum

231 2919 288 2985 ubi
310 2918 389 2984 dens
408 2918 640 3002 praefationem
666 2918 895 3010 pronunciati,
920 2926 952 2982 et
974 2916 1304 3005 hujusmodi‘prologi

232 3038 310 3099 sunt
332 3032 448 3117 quibus
472 3031 608 3096 tutelam
632 3034 776 3116 praestat
800 3030 998 3115 Lessingius.
1026 3031 1199 3096 Minimam
1222 3031 1304 3096 mihi

155 3299 159 3306 '
265 3290 276 3322 ¹¹
290 3290 402 3340 Feminis
418 3289 458 3338 hic
473 3303 572 3353 quoqne
589 3302 662 3352 saepe
679 3287 772 3351 primus
789 3287 854 3337 cedit
869 3287 951 3345 locus,
971 3301 1020 3336 non
1037 3287 1089 3336 siue
1106 3289 1201 3347 omine,
1224 3289 1244 3337 si
1267 3305 1305 3340 rs·

178 3407 180 3413 2
230 3378 306 3444 spicis
322 3392 426 3442 magnas
442 3386 525 3442 partas
542 3391 602 3441 quas
618 3375 709 3440 passim
730 3383 807 3440 egunt
823 3376 850 3424 in
866 3375 955 3424 fabulis
971 3375 1119 3438 Euripideis.

264 3470 296 3518 In
312 3466 401 3518 Oreste
417 3465 548 3530 prologum
564 3465 652 3515 recitat
668 3465 782 3523 Electra,
799 3465 900 3515 uocate
917 3465 944 3513 in
959 3465 1112 3524 Phoenissis,
1124 3466 1308 3527 Andromache,
1378 3469 1379 3472 ’

233 3557 366 3621 Iphigenia
381 3564 406 3605 st
422 3555 520 3606 Helena
536 3556 561 3604 in
577 3554 668 3604 tabulis
684 3554 877 3618 cognominibus.

266 3648 276 3680 ²
294 3650 385 3700 Jooosa
405 3647 498 3698 imitari
520 3647 618 3696 videtur
636 3645 816 3709 Aristophanes
837 3645 949 3695 Acharn.
966 3660 1001 3696 vs.
1019 3648 1051 3699 47
1068 3661 1120 3710 sqq.
1137 3645 1216 3694 -In
1232 3645 1310 3696 Ranis

233 3755 270 3789 vs.
286 3741 334 3792 937
347 3753 404 3802 sqq.
420 3736 555 3799 Euripides
572 3750 644 3783 suam
660 3735 800 3799 tragoedias
815 3733 921 3783 faciendi
938 3735 1059 3783 rationem
1075 3735 1226 3792 describens,
1231 3733 1309 3797 jactat

234 3843 276 3879 aas
300 3841 426 3890 nunquam
450 3824 559 3874 caruisse
580 3822 697 3882 exordio,
719 3824 761 3872 sed
782 3822 890 3885 primum
907 3835 1029 3884 quemque
1045 3830 1155 3872 actorem
1168 3822 1217 3871 rite
1233 3823 1309 3884 eapo-

234 3917 313 3966 suisss
338 3916 369 3963 de
393 3920 481 3978 gente,
502 3911 572 3978 cnjus
594 3913 620 3960 in
640 3912 751 3960 dramate
768 3909 901 3974 primarias
918 3918 1000 3963 essent
1015 3917 1105 3972 partes.
1139 3911 1209 3972 Quae
1225 3911 1310 3973 procul

236 4005 312 4056 dubio
329 4031 360 4040 -
377 4002 496 4052 malitiose
512 4001 645 4064 respondet
661 3998 802 4062 Aeschylus
817 4023 849 4034 -
866 3999 977 4047 tractat
993 3999 1073 4048 multo
1088 3998 1182 4049 melior.

268 4091 436 4157 ³Aphrodite
459 4091 485 4140 in
505 4090 656 4154 Hippolyto,
677 4087 790 4138 Bacchus
807 4086 833 4135 in
848 4086 966 4146 Bacchis,
983 4087 1010 4136 in
1026 4088 1114 4138 Troasi
1130 4087 1266 4148 Poseidon,
1282 4089 1309 4138 in

237 4185 298 4234 Ione
313 4183 431 4240 Hermes,
448 4180 541 4244 Apollo
556 4179 583 4227 in
599 4177 737 4237 Alcestide,
753 4177 823 4242 cnjus
839 4177 957 4241 prologus
974 4193 989 4226 a
1006 4178 1114 4230 Goethio
1127 4185 1228 4228 vocatur
1239 4193 1310 4241 prae·

236 4273 318 4323 clarae
333 4272 395 4320 artis
412 4269 543 4334 specimen,
561 4268 621 4329 (vid.
639 4269 694 4331 ejus
715 4268 814 4325 (letter,
832 4267 935 4315 Hcldea
950 4269 1005 4316 aad
1028 4269 1152 4328 Wt'ahtad,
1169 4268 1213 4316 ubi
1229 4275 1311 4332 minan

239 4379 268 4414 ao
290 4363 393 4413 consilio
409 4362 508 4412 videtur
525 4361 660 4424 impensius
676 4360 776 4408 laudare
793 4358 954 4421 Euripideam
972 4356 1092 4416 fabulam,
1108 4372 1169 4421 quo,
1186 4372 1312 4422 compars-

238 4455 305 4504 tione
322 4451 450 4512 instituta,
468 4452 493 4500 in
515 4452 635 4514 majorem
653 4456 808 4518 ¹contemtum
826 4449 931 4497 adducat
947 4447 1073 4498 Wielandi
1095 4449 1180 4497 drama
1201 4447 1312 4510 ejusdem

241 4543 364 4607 nominis).
