3258 5328
765 445 803 504 71

1136 629 1182 672 etp

248 649 313 691 non
336 627 461 694 minore
479 628 553 713 jure
576 649 673 713 qnam
699 627 757 692 “in
782 649 879 694 scena
901 626 1133 713 philosophum
1211 629 1318 714 possis

245 762 359 806 vocure
392 741 450 806 “in
484 762 581 807 socna
610 743 792 808 omtorem’'
812 750 849 818 '3¹
869 762 934 807 non
965 741 1086 808 mirum
1116 741 1146 808 si
1169 741 1318 828 inprimis

245 852 306 917 hoc
328 851 461 918 nomine
483 852 673 938 saepissime
696 858 729 918 et
751 853 1036 919 vehementissime
1056 874 1130 919 eum
1144 852 1315 938 increpuit.

245 964 429 1031 Afferamus
453 964 541 1030 locos
565 963 681 1030 comici
704 965 767 1031 huc
790 964 1000 1050 pertinentes.

291 1077 328 1143 Si
358 1098 432 1143 vere
464 1075 567 1142 statui
605 1076 665 1142 suh
703 1076 843 1143 Socratis
877 1097 1017 1162 persona
1050 1077 1149 1143 etiem
1184 1078 1317 1164 Euripi·

245 1191 321 1257 dem
343 1173 443 1276 plecti
470 1190 504 1255 in
527 1189 673 1256 Nubium
694 1188 805 1256 fabule
821 1193 849 1274 ³,
874 1211 912 1256 ee
933 1211 1016 1276 qnae
1039 1190 1079 1256 de
1103 1191 1244 1258 Socratis
1263 1193 1315 1258 vel

243 1305 352 1391 potius
376 1303 624 1389 sophistarum*
652 1301 738 1368 binis
759 1301 873 1387 λόγοις
895 1302 1035 1388 legimns
1058 1305 1121 1371 huc
1144 1306 1243 1372 etiam
1265 1329 1315 1374 re·

243 1417 374 1483 serenda
405 1421 483 1484 sunt
499 1420 526 1494 ⁵3
563 1421 596 1482 et
628 1415 779 1484 similiter
812 1421 929 1483 cuncta
957 1394 1103 1502 epitheta
1126 1420 1243 1504 quibus
1267 1443 1313 1486 vs.

244 1609 483 1618 .-————

241 1726 389 1791 ἀνθρώποις
404 1724 495 1789 μόνην.
519 1726 613 1775 Notatu
630 1726 705 1776 etium
722 1725 791 1790 digni
802 1733 860 1774 sunt
871 1725 1032 1776 hiversusex
1042 1726 1173 1790 Antigone
1181 1727 1318 1793 Euripides

242 1813 341 1878 (fragm.
361 1815 407 1865 170
423 1814 518 1877 Dind.):

434 1903 479 1952 οὐκ
496 1903 547 1952 ἔστι
565 1903 672 1960 Πειθοῦς
691 1902 746 1966 ίρὸν
765 1901 831 1951 ἄλλο
849 1902 918 1961 πλὴν
934 1903 1025 1967 λόγος,

280 2049 281 2052 ¹
433 1993 475 2040 sal
491 1990 578 2057 βωμὸς
596 1991 675 2050 αὐτῆς
691 1989 742 2040 ἔστ’
752 1989 787 2039 ’ἐν
804 1989 943 2053 ἀνθρώπου
959 1991 1038 2054 φύσει.

276 2079 283 2110 ¹
318 2082 437 2140 Σκηνιιιδς
454 2081 589 2146 φιλόσοφος
606 2094 627 2128 e.
644 2095 670 2144 g.
686 2078 782 2129 Athen.
798 2079 847 2138 IV,
864 2093 921 2142 pag.
941 2081 995 2130 158.

274 2168 285 2199 ¹
318 2171 431 2229 Ποιητὴν
447 2167 576 2233 ῥηματίων
593 2167 733 2219 δικανικῶν.
767 2168 847 2218 Arist.
863 2168 922 2218 Pac.
938 2183 973 2216 vs.
990 2169 1046 2218 534.

274 2259 284 2288 ³
316 2260 389 2320 Quod
412 2273 487 2322 quam
503 2271 590 2308 verum
606 2257 651 2316 sit,
667 2263 736 2320 patet
752 2256 826 2306 etium
843 2271 877 2307 ex
894 2256 1007 2306 versibus
1024 2257 1074 2308 920
1090 2266 1150 2321 sqq,
1167 2257 1210 2307 nbi
1226 2259 1245 2310 J
1247 2266 1317 2310 ustus

243 2349 280 2396 sic
297 2347 563 2416 injustumlorutorem
579 2345 723 2409 alloquitur:

696 2437 726 2486 orl
743 2435 768 2486 dt
786 2435 808 2501 γ’
826 2438 851 2488 εὖ
869 2436 997 2497 πράττεις·

498 2527 580 2576 καίτοι
598 2525 723 2590 πρότερόν
740 2524 764 2590 γ’
782 2525 933 2589 instigante,

498 2614 609 2680 Τήλεφος
626 2616 689 2664 εἶναι
707 2614 795 2674 Μυσὸς
812 2615 926 2680 φάσκων,

498 2704 524 2752 ltr
542 2702 657 2767 πηριδίου

497 2792 599 2856 γνώμας
615 2793 718 2857 τρώγων
735 2791 940 2852 Πανδελετείους.

241 2880 319 2945 Cujus
344 2881 392 2929 loci
412 2895 510 2931 sensum
526 2880 592 2930 hunc
608 2895 663 2937 esse
678 2881 789 2934 ostendit
805 2883 976 2932 Hermannus:
994 2883 1053 2946 “qui
1071 2884 1136 2933 muln
1152 2884 1200 2934 istu
1218 2885 1313 2934 dicendi

240 2971 344 3020 artificia
368 2979 394 3020 et
418 2970 521 3020 subtiles
546 2962 655 3020 fallacias
678 2971 784 3022 doceant
803 2969 857 3032 jem
873 2970 979 3022 multum
996 2971 1116 3036 pecuniae
1132 2973 1261 3024 corradere
1278 2974 1313 3020 vi-

240 3069 340 3124 tamque
364 3074 440 3125 agere
464 3061 556 3108 lautam
581 3059 867 3123 etsplendidam301lm
882 3071 965 3112 tutem
982 3068 1118 3112 contemtos
1135 3061 1210 3111 fnisse
1226 3069 1252 3111 et
1268 3063 1313 3111 vix

241 3149 351 3198 habuisse
378 3152 443 3200 unde
466 3150 560 3198 rictum
576 3157 701 3212 pararent.
734 3149 763 3200 Id
780 3151 874 3197 comico
890 3149 1010 3212 carpendi
1026 3149 1153 3213 Euripidis
1169 3152 1312 3214 opportuni-

241 3245 317 3288 tatem
341 3238 456 3301 praebet,
482 3236 552 3300 cnjus
576 3237 730 3301 Telephum,
747 3237 828 3286 multa
844 3236 970 3288 subtiliter
986 3237 1163 3301 disputantem,
1179 3240 1312 3290 sententies

241 3327 404 3378 Pundeletecs
426 3341 458 3377 ex
475 3341 535 3390 pera
551 3341 639 3377 vorare
656 3325 739 3376 dieit.''
758 3353 788 3362 ψ
805 3325 956 3378 Pandelctus
972 3334 1026 3378 erat
1042 3327 1191 3391 sycophanta
1207 3328 1312 3393 philodi-

240 3429 283 3466 cus
300 3425 324 3468 et
340 3415 575 3480 psephismstopola,
593 3424 655 3468 teste
672 3415 748 3468 schol.

273 3507 282 3536 ⁴
315 3506 381 3558 Nam
406 3506 457 3570 ipse
482 3507 594 3558 Socrates
619 3507 666 3556 hoc
690 3505 793 3556 crimine
809 3505 890 3570 mugit
907 3505 983 3558 etium
998 3521 1073 3570 quam
1089 3508 1192 3558 materis
1209 3521 1270 3570 quae
1286 3507 1311 3556 ei

241 3598 403 3648 intenduntur
427 3597 588 3648 absolvendus
613 3604 657 3646 est.
691 3599 713 3648 E
739 3596 850 3648 Platonis
875 3596 946 3660 Reip.
967 3596 1031 3644 libro
1055 3596 1069 3646 1
1091 3610 1147 3646 eum
1164 3596 1320 3650 melisseo.

239 3700 357 3750 gnoscere
373 3687 443 3746 licet,
459 3687 502 3735 ubi
518 3685 733 3750 Thrasymachum
750 3686 901 3748 sophistam,
917 3683 1067 3747 injustitiam
1080 3680 1225 3736 laudantem
1241 3693 1267 3734 et
1284 3690 1311 3734 τὸ

240 3775 338 3824 δίκαιον
363 3777 407 3824 οὐκ
433 3776 498 3824 ἄλλο
524 3794 549 3824 τι
573 3777 589 3834 ἡ
615 3777 644 3824 τὸ
670 3778 714 3824 τοῦ
737 3775 881 3839 κρείττονος
907 3772 1031 3838 Ευμφέρον
1048 3776 1111 3823 εἶναι
1129 3777 1195 3837 (pag.
1212 3773 1262 3824 338
1277 3774 1309 3835 G)

238 3867 438 3924 contendentem,
454 3865 517 3915 sulse
533 3875 558 3914 et
573 3867 707 3928 prudenter
723 3863 821 3915 refutat.

272 3953 283 3986 ¹
315 3956 480 4019 Strepsiudes,
505 3965 635 4020 postquem
662 3970 698 4004 vs.
723 3955 772 4006 244
797 3971 812 4002 ιι
835 3955 937 4004 Socrate
961 3953 1116 4017 impetrarit,
1136 3961 1165 4002 ut
1180 3967 1206 4002 se
1223 3953 1309 4001 doceat

240 4046 285 4093 τὸν
309 4045 396 4108 ἕτερον
420 4045 474 4108 ejus
498 4046 679 4110 leyotv,·rev
696 4044 773 4109 μηδὲν
790 4041 957 4103 ἀποδιδόντα,
974 4033 1040 4092 nihii
1052 4049 1135 4092 tamen
1153 4043 1178 4090 in
1194 4042 1309 4092 discendo

239 4133 349 4196 proficit,
368 4149 425 4182 curn
442 4135 546 4184 nimium
563 4134 594 4184 sit
610 4135 715 4192 bardus;
732 4133 815 4196 itaque
833 4131 911 4182 filium
928 4130 1105 4195 Phidippidem
1121 4131 1217 4182 Socrati
1234 4132 1310 4181 tradit

239 4221 427 4271 instituendum:
452 4237 535 4272 coram
561 4223 607 4272 hoc
633 4222 736 4272 hebetur
760 4220 849 4270 nobilis
873 4219 915 4269 ille
931 4220 998 4272 Justi
1014 4226 1039 4270 et
1055 4219 1146 4284 Injusti
1162 4221 1240 4284 λόγου
1257 4220 1309 4270 sive

239 4313 342 4359 oratoris
367 4312 486 4376 dialogus.
508 4339 539 4348 -
561 4312 623 4362 Mox
645 4309 811 4373 Strepsiudes,
829 4307 872 4357 filii
888 4323 953 4358 nova
969 4309 1108 4360 eruditione
1124 4311 1234 4374 adjutus,
1252 4326 1307 4360 cnm

240 4400 327 4460 Prsia,
343 4401 383 4449 cui
400 4400 485 4458 debet,
503 4402 533 4450 de
551 4399 595 4465 ’ἕνῃ
613 4400 653 4450 καί
673 4398 716 4464 νέᾳ
734 4397 865 4461 sophistice
881 4399 1016 4462 disceptat,
1035 4399 1189 4464 alterumque
1204 4402 1310 4450 credito·

240 4503 291 4538 rem
310 4490 459 4554 Amyntam,
476 4505 521 4538 sna
537 4495 720 4552 reposcentem,
738 4485 821 4536 secuit
839 4486 952 4538 menibus
969 4487 1085 4549 dimittit,
1100 4489 1135 4539 itu
1145 4490 1168 4540 ei
1178 4490 1308 4540 insultans:
