3258 5328
765 433 782 492 7

239 641 337 704 quam
364 639 493 683 noscere
519 639 584 682 non
607 617 745 701 putabat
769 638 884 702 operae
905 617 1066 702 pretium,
1085 617 1225 702 pessime
1238 642 1312 704 per-

239 752 333 812 osus,
378 737 490 796 contra
531 729 737 815 antiquitatis
779 751 892 794 amans
938 736 970 795 et
1004 730 1147 796 fervidus
1181 738 1312 815 patrum

239 839 425 925 admirator,
460 843 627 908 diffidebat
658 843 887 926 novatoribus,
920 849 953 908 et
978 865 1090 909 omnes
1113 846 1311 912 mutationes

240 955 352 1020 invitis
384 958 561 1041 aspiciebat
584 957 705 1039 oculis,
730 979 831 1042 quum
855 964 941 1021 certa
967 963 1000 1021 et
1021 980 1083 1022 usu
1106 959 1252 1044 cognita,
1275 963 1313 1021 ut

240 1089 260 1129 a
295 1067 469 1152 majoribus
513 1069 634 1135 tradita
665 1075 774 1152 erant,
810 1091 868 1154 pro
900 1092 957 1153 spe
991 1069 1132 1154 ancipite
1167 1069 1312 1134 deserere

240 1179 329 1244 nefas
357 1181 508 1264 haberet,
534 1203 592 1246 nee
615 1189 682 1246 tam
699 1187 829 1248 sanotae
847 1183 1057 1248 haereditatis
1072 1185 1124 1248 vel
1140 1183 1312 1249 minimam

188 1377 193 1387 Ι
239 1295 432 1379 particulam
457 1295 591 1361 tolerare
612 1301 723 1379 posset
746 1317 765 1359 a
789 1318 953 1381 quoquam
974 1295 1154 1380 sibieripi3
1172 1295 1313 1358 -alter

240 1408 422 1490 praesentia
452 1408 698 1492 contemnebat,
734 1415 767 1473 et
799 1431 898 1473 novas
932 1410 1000 1490 vias
1032 1409 1220 1494 ingressus,
1254 1399 1314 1492 ope

241 1520 428 1586 dialecticae
454 1526 487 1586 et
508 1520 684 1586 rhetoricae
708 1521 805 1604 artis,
830 1544 928 1608 quam
945 1523 986 1615 ad
1002 1543 1146 1607 unguem
1158 1505 1312 1602 callebat,

241 1635 279 1699 de
297 1626 432 1717 receptis
452 1633 659 1718 opinionibus
681 1640 713 1699 et
733 1635 894 1700 institutis
918 1657 993 1700 cum
1015 1635 1188 1720 diligenter
1206 1615 1314 1718 inqui-

239 1769 306 1812 rere
336 1754 406 1812 tum
435 1748 599 1813 subtiliter
620 1749 786 1832 disputare
811 1750 956 1826 amabat;
981 1755 1014 1814 et
1040 1747 1195 1834 quioquid
1217 1747 1251 1810 in
1273 1746 1315 1810 iis

240 1859 378 1925 obsoleti
415 1867 472 1925 aut
501 1882 617 1945 parum
650 1861 817 1946 probabile
850 1843 1056 1944 offenderet,
1077 1861 1169 1926 nulla
1199 1860 1317 1945 religio

241 1979 309 2038 erat
334 1973 469 2058 abjicere
494 1977 650 2058 tanquam
675 1975 792 2038 scorias
818 1996 837 2037 a
862 1974 995 2038 metallo
1019 1974 1208 2038 detractas..

287 2086 373 2152 Satis
398 2086 526 2150 ostendi
549 2108 646 2170 quam
670 2087 800 2170 penitus
823 2086 997 2152 dissimilia
1012 2085 1135 2150 fuerint
1148 2085 1317 2170 Euripidis

201 2192 204 2199 ’
241 2198 535 2284 Aristophanisque
568 2199 708 2283 ingenia.
759 2199 873 2264 Unum
903 2205 1012 2263 tamen
1046 2196 1247 2262 addendum·
1266 2203 1316 2261 est

243 2317 280 2375 ut
310 2311 409 2396 probe
440 2311 625 2397 capiamus,
660 2334 716 2377 our
747 2334 813 2377 non
837 2318 974 2398 possent
1000 2313 1144 2376 diversas
1169 2310 1239 2374 vias
1264 2332 1312 2374 se-

242 2423 369 2509 quando
399 2423 469 2488 sine
502 2425 580 2490 rixis
608 2425 724 2510 degere
747 2425 867 2508 vitam,
893 2425 949 2489 sed
972 2407 1229 2509 fataliquadam
1259 2445 1317 2487 ne-

241 2536 392 2602 cessitate
427 2535 509 2601 alter
541 2537 575 2600 in
606 2537 742 2602 alterum
781 2537 910 2602 incitari
947 2537 1084 2602 deberet.
1134 2535 1237 2601 Fuere
1260 2536 1316 2621 qui

242 2650 361 2714 mirum
391 2649 468 2735 quid
493 2649 556 2714 sibi
580 2649 765 2714 viderentur
788 2648 937 2714 conferre.
955 2650 993 2713 ad
1017 2656 1103 2714 recte
1126 2649 1315 2732 intelligen-

242 2764 325 2828 dum
343 2763 454 2828 odium
477 2784 540 2848 quo
565 2761 756 2847 Euripidem
778 2771 969 2847 prosecutus
991 2771 1041 2828 est
1062 2762 1315 2848 Aristophanes,

244 2877 300 2941 ubi
327 2877 506 2960 allegarent
540 2873 654 2939 tritum
684 2874 882 2940 versiculum
908 2875 1109 2940 Hesiodeum
1139 2875 1179 2938 de
1202 2871 1317 2940 ἀοιδῶν

244 2987 352 3074 φθόνῳ
371 2990 401 3062 ¹„
424 2987 492 3052 Nos
516 2988 549 3050 in
576 2992 644 3052 tam
666 2989 839 3072 nugatoria
864 2970 1081 3072 explicatione
1102 3008 1167 3051 non
1189 2987 1317 3072 aequie-

244 3123 389 3178 soemus3
417 3101 475 3166 sed
510 3121 584 3166 oum
618 3099 773 3184 primaria
804 3122 901 3166 causa
924 3101 1021 3184 hujus
1046 3099 1225 3165 simultatis
1245 3099 1314 3184 jam

244 3215 418 3281 manifesta
441 3213 501 3296 sit,
527 3213 716 3278 secundaria
738 3234 864 3299 quoque
886 3218 923 3278 ut
939 3219 1110 3298 appareat,
1131 3218 1317 3298 reputemus

189 3326 192 3330 ’
245 3328 414 3393 nobiscum
447 3348 509 3412 quo
542 3335 686 3410 tempore
720 3324 840 3389 vixerit
868 3331 1013 3411 uterque.
1062 3323 1316 3410 Aristophanes,

245 3439 380 3504 minime
411 3440 519 3524 segnis
549 3437 628 3503 civis
654 3439 711 3504 sed
734 3439 858 3523 patriae
883 3441 1148 3526 amantissimus,
1174 3465 1245 3509 earn
1269 3442 1325 3540 vi-⁶

158 3629 162 3636 ι
246 3554 344 3618 debat
374 3554 413 3619 de
444 3553 566 3638 gloriae
599 3553 741 3618 culmine
774 3554 896 3620 sensim
930 3555 997 3619 labi
1029 3557 1063 3619 in
1096 3557 1256 3638 deterius,
1285 3564 1319 3620 et

247 3667 379 3732 taudem
411 3665 526 3732 misere
553 3675 749 3750 prostratam
773 3667 871 3732 luxit.
919 3668 1003 3732 Cum
1027 3668 1183 3754 Euripide
1209 3675 1319 3735 tamen
1360 3681 1361 3684 ’

246 3781 432 3862 contendit,
464 3780 604 3845 Athenis
642 3781 747 3844 adhuc
778 3781 941 3845 stantibus
979 3782 1128 3863 intactis,
1162 3783 1219 3848 sed
1253 3803 1318 3869 quo

216 3959 218 3964 ,
248 3899 407 3976 tempore,
433 3899 470 3958 ut
493 3899 562 3958 erat
585 3893 699 3958 multis
723 3915 854 3958 suorum
876 3894 995 3959 civium
1012 3895 1236 3980 perspicacior,
1248 3895 1317 3980 jam

248 4006 370 4090 passim
397 4006 531 4071 notabat
554 4007 715 4071 internam
741 4008 978 4094 corruptelam,
1003 4029 1084 4093 quae
1107 4009 1190 4073 labis
1214 4017 1319 4074 exter-

250 4141 327 4202 nae,
353 4141 430 4184 mox
454 4123 637 4201 secuturae,
662 4120 795 4184 extabat
817 4142 922 4184 causa.
961 4120 1045 4186 Vere
1059 4119 1174 4204 ingens
1195 4121 1320 4186 malum

249 4233 387 4298 ducebat
424 4232 613 4298 effrenatam
656 4233 903 4316 ochloeratiam,
940 4253 1021 4318 quae
1053 4233 1212 4322 gliscebat
1246 4242 1321 4320 post

285 4498 291 4529 ¹
310 4499 370 4547 viu.
387 4514 408 4548 e.
425 4513 449 4561 g.
467 4497 623 4548 Frischlinus
641 4498 667 4544 in
685 4497 811 4546 Ranarum
828 4495 982 4558 expositione
999 4499 1064 4560 apud
1081 4498 1222 4547 Kusterum.
