3258 5328
834 455 876 517 28

363 643 403 707 In
434 640 607 727 Iphigenia
640 641 775 708 Taurica
791 643 812 723 ¹,
849 642 986 708 Bacchis
1003 645 1028 724 ¹,
1063 643 1190 708 Helena
1203 643 1228 727 ³,
1263 644 1387 710 similes

316 757 379 822 loci
399 761 587 837 occurrunt,
612 754 667 820 nbi
693 761 788 840 poeta
820 777 854 821 se
879 757 947 841 ipse
969 757 1175 841 reprehendit
1197 758 1387 843 quodfabu-

316 868 394 934 iosis
417 867 655 934 narrationibus
676 869 716 933 de
739 869 802 934 diis
824 869 949 935 credere
973 869 1063 935 visus
1089 872 1141 935 sit.
1340 873 1343 880 ⁴

349 1114 356 1146 ¹
390 1115 447 1179 Iph.
463 1117 539 1168 Taur.
556 1132 592 1166 vs.
609 1117 659 1168 880
674 1131 727 1182 sqq.
745 1116 847 1166 heroica
863 1118 895 1167 ds
915 1117 1009 1168 crudeli
1026 1119 1201 1183 superstitione
1218 1121 1253 1170 sic
1266 1119 1389 1186 loquitur:

572 1209 604 1256 τὰ
621 1209 667 1268 τῆς
684 1207 741 1257 θεοῦ
758 1205 783 1256 di
800 1205 926 1272 μέμφομαι
942 1208 1098 1272 σοφίσματα,

572 1298 641 1358 ἣτις,
658 1295 760 1362 βροτῶν
776 1298 823 1360 μὲν
838 1298 872 1358 ἦν
888 1314 927 1354 τις
944 1295 1040 1360 ἅψηται
1055 1298 1144 1362 φόνου,

574 1387 590 1446 ἦ
608 1386 649 1436 καὶ
665 1387 770 1450 λοχείας
785 1386 801 1446 ἣ
819 1387 907 1451 νεκροῦ
924 1385 982 1451 din
999 1391 1093 1450 χεροῖν,

573 1473 668 1539 βωμῶν
684 1475 808 1541 ἀπείργει,
825 1477 939 1540 μυσαρὸν
956 1477 990 1533 ὡς
1006 1475 1144 1541 ἡγουμένη,

574 1565 640 1624 αὐτὴ
657 1563 683 1614 δὲ
700 1565 797 1626 θυσίαις
813 1563 899 1624 ἥδεται
912 1561 1103 1628 βροτοκτόνοις.

574 1650 684 1712 οὐοέσθ
702 1651 773 1710 ὅπως
789 1653 871 1702 ἔτεκεν
887 1653 921 1702 ἂν
938 1651 954 1713 ἡ
971 1654 1032 1711 Διὸς
1048 1651 1129 1718 δάμαρ

574 1741 645 1800 Δητὼ
662 1741 790 1803 τοσαύτην
806 1742 929 1807 ἀμαθίαν.
946 1741 995 1807 ἐγὼ
1011 1745 1058 1808 μὲν
1075 1742 1122 1792 οὖν

574 1831 605 1879 τὰ
622 1831 756 1881 Ταντάλου
773 1831 867 1882 θεοῖσιν
884 1831 1025 1898 ἑστιάματα

574 1921 670 1970 ἄπιστα
687 1921 772 1985 κρίνω,
791 1921 880 1980 παιδὸς
895 1922 1003 1983 ἡσθῆναι
1018 1920 1095 1986 βορᾷ·

573 2011 632 2067 τούς
650 2009 671 2059 d'
688 2009 779 2071 ἐνθάδ’,
798 2011 892 2070 αὐτοὺς
910 2013 988 2069 ὄντας
1005 2011 1243 2076 ἀνθρωποκτόνους,

573 2100 599 2157 s'c
616 2100 664 2159 τήν
682 2101 740 2149 θεὸν
758 2101 786 2149 τὸ
803 2102 903 2166 φαῦλον
920 2099 1054 2166 ἀναφέρειν
1070 2100 1143 2150 doro·

572 2188 662 2239 οὐδένα
679 2190 727 2254 γὰρ
744 2191 812 2253 οἶμαι
830 2189 958 2254 δαιμόνων
974 2193 1037 2240 εἶναι
1053 2190 1139 2239 κακόν.

347 2280 442 2328 Ριιιιιιι
467 2284 606 2342 opportuna
630 2259 690 2327 haec
715 2279 875 2342 proferuntur
897 2296 913 2329 s
929 2271 1027 2330 Dianae
1049 2281 1188 2338 sacerdota,
1213 2288 1239 2329 ct
1260 2282 1387 2344 aptissima

315 2371 419 2417 suntad
436 2369 633 2432 refrigerandum
650 2369 760 2417 animum
777 2377 951 2432 spectatorum.

347 2457 359 2490 ¹
391 2458 543 2508 Baccharum
560 2458 644 2509 fabula
660 2467 771 2507 versatur
789 2460 815 2508 in
830 2473 911 2523 poena
927 2473 1002 2523 quam
1018 2458 1143 2520 Bacchus,
1153 2458 1184 2507 ob
1194 2469 1305 2522 spretum
1315 2475 1388 2509 suurn

316 2563 421 2607 numen,
446 2548 477 2596 de
503 2547 616 2598 Pentheo
641 2549 728 2606 sumit,
754 2548 893 2597 simillimus
915 2547 1026 2597 malefico
1042 2547 1239 2612 praestigiatori,
1256 2559 1282 2597 et
1298 2549 1387 2612 diguus

315 2638 357 2701 qui
382 2653 397 2686 ιι
421 2637 597 2702 spectatoribus
617 2652 666 2687 non
683 2638 765 2686 miuus
781 2647 953 2687 contemnatur
969 2653 1043 2700 quam
1059 2637 1090 2686 ab
1107 2637 1160 2700 ipso
1177 2637 1299 2687 Pentheo.
1333 2639 1388 2689 Hac

316 2729 395 2790 igitur
420 2728 445 2774 iu
469 2723 565 2786 Tabula,
589 2728 610 2777 si
636 2728 660 2776 in
686 2727 813 2786 diaulia,
830 2727 967 2777 celebratur
984 2742 1076 2792 magna
1092 2735 1199 2791 potestas
1215 2728 1346 2786 coelitum3
1362 2737 1389 2777 at

316 2818 385 2880 legas
410 2831 501 2881 quaeso
529 2831 629 2866 versum
656 2819 718 2876 893,
748 2832 830 2866 annon
857 2818 1030 2880 philosophum
1056 2831 1138 2866 secum
1166 2817 1338 2867 mussitantem
1364 2829 1388 2867 te

315 2905 403 2964 audire
420 2915 505 2969 putes:
536 2907 616 2971 κούφα
634 2910 682 2972 γὰρ
699 2905 818 2970 δαπάνα,
836 2909 947 2972 νομίζειν

541 2996 618 3059 ἰσχὺν
635 2994 689 3054 τόδ’Ι
702 2997 780 3060 ἔχειν,

543 3085 556 3135 d
576 3104 599 3135 τι
617 3083 673 3134 ποτ’
690 3085 739 3150 ἄρα
757 3086 785 3134 τὸ
803 3085 939 3149 δαιμόνιον.

350 3175 507 3240 Tyrwhittus
523 3175 630 3234 censuit,
647 3175 794 3239 Euripidem
811 3174 858 3224 hoc
875 3175 962 3224 drama
978 3149 1146 3238 composuisse
1162 3189 1212 3238 quo
1228 3184 1348 3240 purgaret
1364 3192 1389 3226 sc

316 3267 421 3315 crimine
441 3271 550 3313 conterat
559 3278 621 3313 ‚rum
638 3264 768 3313 numinum
785 3264 936 3328 patriorum,
953 3265 996 3313 sed
1012 3279 1086 3312 versu
1103 3265 1204 3314 laudato
1219 3279 1246 3314 se
1262 3267 1331 3330 quasi
1347 3281 1389 3316 ex-

318 3371 405 3405 cusare
435 3355 465 3404 de
490 3353 573 3402 fabula
598 3351 767 3415 philosophiae
795 3367 855 3402 suae
879 3354 953 3417 plane
978 3361 1143 3417 repugnante.
1179 3355 1230 3406 Sed
1254 3370 1303 3406 nou
1328 3373 1390 3423 opus

319 3445 418 3494 videtur
438 3443 470 3492 ad
485 3443 560 3491 taleni
584 3441 753 3504 conjecturam
777 3443 925 3506 confugere,
950 3458 1006 3492 cum
1023 3457 1073 3492 non
1090 3445 1116 3492 in
1132 3445 1235 3494 Bacchis
1251 3447 1330 3496 solum
1347 3451 1391 3499 scd

320 3535 420 3598 passim,
438 3541 466 3582 ut
482 3533 599 3591 vidimus,
621 3532 648 3580 in
671 3531 760 3580 sabulis
776 3533 915 3597 Euripideis
931 3543 1049 3597 appareat
1064 3550 1138 3599 quam
1156 3551 1243 3598 parum
1259 3548 1332 3602 poeta
1347 3541 1391 3589 sibi

319 3625 463 3675 constiteris.

353 3717 435 3767 Multo
460 3714 542 3763 mitius
567 3715 598 3762 de
623 3713 668 3763 hac
692 3712 776 3762 fabula
798 3712 894 3774 judicat
917 3715 1100 3775 Bernhardius,
1125 3731 1183 3780 pag.
1208 3717 1269 3766 422:
1301 3718 1392 3780 J⁴Doch

320 3805 447 3871 ‘anrpiahl
478 3819 506 3853 er
538 3803 629 3852 unletut
656 3803 819 3867 Resignation
850 3807 898 3854 und
926 3806 1080 3869 Hingebung
1108 3821 1140 3855 aa
1168 3806 1231 3857 Gott
1256 3807 1292 3856 uls
1319 3823 1392 3859 uner-

320 3896 527 3947 “schiitterlichen
552 3894 639 3945 Grund
667 3894 711 3942 dar
736 3893 860 3943 sittlichcn
885 3894 982 3958 Dirige,
1004 3874 1121 3946 dahrend
1139 3911 1166 3945 er
1183 3896 1222 3946 dre
1239 3896 1393 3947 Freidenher

319 3991 386 4038 “und
411 3990 459 4038 den
482 3985 630 4051 Ungianbeu
652 3985 698 4034 der
723 3985 862 4048 darnoligen
879 3986 1060 4037 wissenschah
1076 3987 1213 4050 beh'ampft.
1245 3989 1308 4038 Eine
1330 3988 1393 4038 reise

321 4081 441 4131 “Summo
466 4077 549 4126 dieser
564 4075 668 4124 inneren
685 4074 861 4139 Ersahruugen
879 4076 921 4126 has
938 4091 966 4126 cr
983 4093 1023 4126 am
1041 4078 1143 4129 Schlnss
1159 4079 1240 4128 ssiner
1257 4079 1392 4128 Laufbahn

322 4171 363 4217 “in
380 4170 427 4216 den
445 4166 562 4214 Bacchae.
572 4163 770 4229 niedergelegr.··
782 4193 812 4202 -
827 4166 928 4215 Vellem
937 4166 1042 4230 scriptor
1050 4166 1224 4229 hocjudicinm
1234 4183 1283 4217 non
1292 4184 1391 4227 expres-

321 4259 391 4306 sisset
407 4256 486 4304 solnm
504 4256 547 4306 sed
563 4255 637 4304 etiam
653 4255 799 4322 probasset„
844 4303 845 4308 ,

354 4345 366 4378 ⁸
398 4347 495 4397 Helena
510 4345 623 4405 ridicule,
641 4360 696 4395 meo
712 4346 811 4410 quidem
828 4361 915 4406 sensu,
931 4347 990 4397 dicit
1006 4349 1037 4397 de
1053 4349 1119 4398 Jove
1136 4348 1162 4395 in
1176 4362 1279 4412 cycnum
1289 4359 1391 4401 mutato:

323 4439 344 4487 α’
366 4438 451 4501 ’σαφὴς
476 4434 551 4493 οὗτος
575 4436 652 4500 λόγος
677 4436 723 4498 (vs.
741 4438 792 4501 21).
826 4438 857 4486 In
882 4452 956 4486 scena
980 4439 1075 4502 tragica
1094 4438 1155 4487 ferri
1178 4453 1228 4486 non
1245 4448 1328 4501 potest
1343 4440 1392 4489 alia

324 4529 422 4578 Helena
445 4541 518 4589 quum
543 4540 604 4588 quac
629 4539 661 4574 ex
685 4541 733 4574 ovo
758 4509 875 4574 divinitus
896 4525 1025 4576 fecundato
1045 4533 1169 4590 prognata
1184 4536 1210 4576 ct
1225 4542 1255 4576 ea
1272 4527 1302 4576 dc
1319 4543 1392 4576 causa
