3284 5338
823 447 864 508 92

306 653 371 697 nou
403 650 523 716 pensos
550 627 650 694 etiam
675 627 823 696 mendico
851 627 984 695 indutos
1012 629 1154 711 emieiu,
1177 634 1215 693 ut
1243 629 1384 694 eundem

305 765 402 830 quem
427 741 522 808 modo
547 742 715 808 nominavi
738 741 934 828 Telephum;
960 743 1047 809 huno
1072 763 1181 808 revere
1208 741 1257 807 ite
1282 741 1384 808 fuisse

305 857 499 923 adornatum
532 859 570 920 ut
590 855 625 918 in
651 853 913 921 Acharnensinm
938 854 1010 920 loeo
1032 854 1267 920 festivissim0¹
1293 854 1383 920 vide·

323 1065 538 1086 Ἴ.-

303 1181 405 1230 domum
422 1181 539 1242 deorum,
556 1181 747 1232 substitueretur
764 1181 911 1230 seanbeeus
928 1178 1097 1244 σκατοφάγος.
1117 1176 1206 1228 Multis
1222 1178 1300 1226 etiam
1323 1177 1382 1228 loeis

304 1271 435 1334 Trygaeus
450 1271 651 1335 Bellerophontis
668 1270 745 1320 verba
761 1268 879 1334 παρῳδεῖ.
912 1267 960 1319 Vs.
979 1268 1026 1317 146
1042 1281 1096 1331 sqq.
1112 1266 1159 1316 hoe
1175 1267 1298 1330 logimus=

561 1360 639 1410 ἐκεῖνο
656 1359 735 1423 τήρει,
753 1359 788 1422 μὴ
805 1357 908 1423 σφαλεὶς
925 1358 1068 1421 καταρρυῇς

562 1454 689 1516 ἐντεῦθεν,
705 1457 758 1505 sira
774 1454 859 1518 χωλὸς
875 1453 913 1503 ὢν
929 1451 1053 1518 Εὐριπίδῃ

560 1544 639 1609 λόγον
656 1543 797 1609 παράσχῃς
814 1543 857 1592 sni
875 1541 1004 1608 τραγῳδία
1021 1541 1089 1608 γένῃ.

338 1634 346 1666 ¹
363 1635 483 1698 Lepidam
499 1634 562 1686 haue
578 1633 724 1698 perticulam
734 1631 874 1682 oomoediee
883 1631 1051 1695 Aristophane
1060 1631 1222 1695 dignissimae
1232 1631 1381 1694 subjungere

300 1725 382 1788 juvet.
420 1724 590 1788 Dioaeopolis,
605 1723 667 1772 nivis
685 1721 861 1781 Atheniensis,
879 1729 1023 1786 postquem,
1038 1720 1098 1770 belli
1109 1730 1250 1785 perteesus,
1261 1721 1380 1784 privatim

301 1793 394 1877 paoem¹
404 1827 462 1862 eum
478 1812 680 1864 lacedaemoniis
696 1811 763 1868 iniit,
780 1811 872 1875 repetit
887 1825 960 1861 snum
976 1809 1095 1870 fundum,
1113 1809 1148 1860 ibi
1166 1824 1226 1860 vero
1243 1810 1330 1860 inuidit
1352 1810 1380 1858 iu

302 1903 433 1952 bellicosos
450 1903 574 1968 depes-ac,
591 1901 636 1966 qni
651 1899 675 1950 ei
692 1907 801 1950 mortem
817 1900 945 1948 minentur
962 1900 1028 1962 quod
1045 1912 1101 1947 oum
1117 1898 1228 1947 hostibus
1244 1909 1330 1962 pectus
1340 1899 1380 1950 sit.

302 1992 334 2040 In
357 2005 456 2042 summo
476 1991 586 2055 periculo
607 2006 653 2055 pro
668 2005 697 2040 sa
712 1991 836 2049 dietnrns,
853 1989 923 2053 prim
942 1989 995 2040 adit
1011 1988 1158 2051 Euripidem
1176 1988 1224 2051 (vs.
1241 1989 1291 2039 394
1307 1989 1379 2053 squ),

302 2096 318 2129 e
333 2095 382 2144 quo
398 2081 444 2130 sibi
459 2079 557 2144 flegitet
574 2081 694 2132 vestitum
710 2078 864 2129 miserationi
880 2080 1017 2128 moveudee
1035 2092 1113 2141 qnam
1131 2079 1241 2128 maxime
1261 2079 1378 2128 idoneum

303 2173 350 2235 (vs.
367 2173 417 2222 410
434 2172 510 2235 sqq.):

334 2261 394 2311 Dio.
427 2258 574 2323 Euripides!

334 2350 399 2398 Ena
426 2347 615 2410 Quid-clamas?

334 2440 394 2488 Dis.
427 2438 595 2489 Sublimisne*
620 2439 706 2486 drame
722 2436 859 2500 componis,
884 2450 941 2485 eum
961 2437 1035 2486 lineet
1054 2437 1081 2486 in
1098 2436 1176 2487 solido
1197 2436 1287 2488 fundo?
1319 2438 1377 2489 Non

301 2529 393 2576 mirum
408 2527 510 2576 ciendos
526 2532 552 2575 te
568 2526 649 2574 fecere
665 2526 770 2574 heroas!
805 2524 858 2576 Cur
875 2539 936 2574 vero
952 2523 1028 2574 habes
1044 2539 1138 2589 pannos
1159 2525 1281 2588 tragieos,
1304 2527 1376 2576 mise·

300 2616 390 2666 rebiles
412 2623 505 2675 vestes,
519 2613 594 2676 juxta
610 2623 635 2663 te
648 2613 777 2675 jacentes?
809 2615 867 2663 Nou
887 2613 977 2662 mirum
994 2615 1120 2664 mendieos
1138 2621 1163 2662 te
1179 2614 1259 2664 faeere
1276 2615 1377 2665 heroas!

300 2705 339 2753 At
354 2717 398 2767 per
414 2710 458 2752 tua
473 2716 556 2766 genus
571 2710 596 2752 te
611 2702 720 2752 obtestor
737 2701 884 2765 Euripides,
900 2702 932 2751 de
948 2703 1010 2751 mihi
1026 2717 1135 2766 pennum
1153 2717 1168 2752 e
1188 2704 1268 2752 veteri
1285 2703 1377 2754 febnle.

301 2793 367 2841 Nem
383 2794 414 2842 ad
430 2793 533 2841 chorum
550 2792 612 2840 mihi
628 2792 706 2856 longa
721 2800 761 2841 est
776 2793 857 2840 oratio
874 2791 999 2852 habende,
1022 2807 1102 2855 poene
1118 2807 1180 2843 vero
1196 2807 1246 2842 nou
1263 2793 1377 2856 prebebi-

231 2939 236 2946 .
299 2881 357 2931 liter
372 2883 463 2932 dicenti
479 2881 614 2931 constitute
630 2890 668 2930 est
683 2895 759 2931 mors.
1291 2937 1294 2942 Ι

334 2972 398 3024 sier.
427 2972 454 3022 Si
470 2970 539 3034 oupis
556 2971 648 3034 aliquid
665 2969 734 3019 scissi
752 2978 777 3020 et
787 2969 892 3029 sordidi,
910 2971 980 3017 visne
997 2970 1114 3021 amictum
1125 2973 1174 3034 quo
1183 2971 1290 3033 Oeneus,
1298 2987 1378 3022 senex

300 3062 477 3120 infortunatus,
494 3070 548 3111 eret
564 3061 679 3110 indutus?

333 3152 392 3201 Mo.
425 3153 483 3202 Nou
501 3151 591 3208 Oenei,
608 3152 650 3200 sed
667 3151 744 3200 etiem
760 3151 904 3200 miseriorie.
976 3134 979 3139 ⁵

333 3241 398 3290 Eur.
426 3239 502 3291 Ceeei
517 3239 649 3290 Phoenicis
667 3240 762 3304 igitur?

334 3330 393 3378 Dic.
427 3330 482 3378 Neo
497 3329 641 3389 Phoenicis,
658 3329 702 3378 sed
717 3330 782 3379 alius
797 3336 849 3388 est,
866 3329 992 3380 Phoenice
1007 3330 1127 3381 miserior.

335 3417 398 3466 Eur.
425 3417 494 3478 Ques
509 3418 609 3465 tendem
626 3417 712 3466 sordes
728 3418 803 3466 homo
819 3418 944 3480 postulat?
962 3417 1067 3468 Dioisne
1083 3433 1124 3468 eas
1141 3434 1201 3482 ques
1218 3420 1296 3482 gessit
1315 3419 1373 3468 Phi·

253 3523 256 3530 ·
301 3507 404 3558 loetetes
420 3505 564 3555 mendicus?

334 3599 394 3646 Dio.
426 3596 508 3645 Immo
523 3596 570 3644 hoe
586 3596 661 3658 longe
677 3595 824 3659 egentioris.

333 3689 399 3738 Eur.
426 3687 505 3736 Visne
521 3701 581 3750 ergo
598 3685 721 3749 squalores
743 3686 832 3748 quibus
848 3685 951 3736 elsudns
968 3689 1136 3751 Bellerophon
1152 3697 1206 3738 erat
1222 3691 1316 3737 tectus?

334 3779 393 3828 Dio.
426 3778 484 3826 Nou
509 3775 583 3825 fseiet
599 3773 778 3839 Bellerophon,
796 3776 843 3824 etsi
859 3776 901 3826 ille
918 3793 1015 3842 quoque
1035 3788 1090 3828 eret
1110 3779 1223 3839 elendune,
1240 3778 1374 3836 mendicus,

300 3867 401 3930 loquax,
419 3865 555 3915 indefessus
572 3872 665 3914 orator.

334 3957 400 4005 Eur.
427 3955 516 4004 Habeo
532 3953 614 4003 virum
631 3969 681 4018 quo
697 3954 808 4018 indiges,
825 3955 928 4019 Mysum
944 3956 1093 4020 Telephum.

334 4047 393 4095 Dio.
425 4047 483 4095 Anu
499 4043 614 4112 tetigisti:
632 4036 738 4107 Telephi
754 4059 845 4108 quaeso
862 4046 893 4094 da
909 4047 971 4094 mihi
988 4047 1070 4096 lseere
1087 4049 1206 4110 tegmine.

334 4136 398 4186 Eur.
425 4135 506 4192 Puer,
524 4134 607 4182 duilli
624 4132 729 4198 Telephi
745 4149 853 4198 pennos3
867 4133 951 4195 jacent
967 4143 1051 4186 antem
1068 4152 1142 4200 snpra
1152 4137 1394 4204 Thyesteos,iuter'

194 4243 202 4250 -
301 4237 343 4272 eos
359 4237 419 4286 quos
432 4224 512 4292 ¹gessit
528 4224 583 4274 Ino.
604 4249 632 4259 -
648 4225 690 4272 Eu
705 4225 797 4288 accipe.

336 4313 395 4362 Dio.
429 4311 452 4363 0
468 4313 569 4376 Jupiter
585 4313 736 4374 omnituens‚
755 4316 789 4364 ite
806 4315 843 4363 fae
860 4317 973 4375 edorum,
990 4325 1019 4366 ut
1035 4333 1108 4382 quem
1120 4318 1271 4367 miserrimus
1280 4317 1373 4366 videor.

302 4403 446 4468 Euripides,
462 4405 575 4467 quoniam
592 4403 710 4452 haetenus
728 4405 790 4453 mihi
806 4407 971 4469 morigeratus
988 4423 1025 4466 es,
1040 4421 1183 4457 nemnnera
1195 4415 1238 4456 tue
1248 4405 1373 4468 relinquas

327 4516 338 4538 *
352 4519 383 4556 De
395 4519 435 4556 hoo
447 4528 508 4556 versu
520 4519 568 4564 quid
581 4518 669 4557 sentiam
683 4519 762 4556 ostendi
775 4529 836 4566 snpre
850 4529 897 4567 pag.
911 4521 947 4567 55,
961 4523 1009 4559 adn.
1023 4521 1042 4560 1.
