3258 5328
812 418 853 480 42

299 610 409 670 tamen
445 625 478 668 se
512 603 630 668 iterum
661 601 827 687 suppetias
860 605 1034 666 venturum
1062 598 1280 682 Mnesiloche,
1305 600 1369 665 nisi

299 739 333 782 se
356 715 508 782 deficiant
530 719 560 781 ai
580 718 684 801 μυρίαι
704 717 845 801 μηχαναί
860 714 880 777 ¹.

344 829 444 894 Miser
461 832 572 893 autem
583 823 816 906 Mnesilochus,
834 824 972 890 vinculis
989 823 1195 906 constrictus,
1212 846 1232 889 a
1250 824 1370 908 Scytha

299 940 495 1018 custoditum
519 958 598 1004 mox
619 959 693 1003 vero
718 936 859 1022 adspicit
880 936 1070 1022 Euripidem
1094 937 1154 1001 snb
1176 937 1368 1023 Perseiper-

299 1076 378 1120 sona
399 1054 589 1119 redeuntem
603 1050 628 1135 ²,
653 1051 740 1116 unde
764 1050 924 1136 intelligit
949 1050 1012 1116 sihi
1035 1073 1121 1116 nuno
1145 1050 1369 1117 Andromedae

298 1171 407 1252 partes
430 1187 500 1231 esse
522 1162 742 1246 sustinendas,
766 1163 853 1249 quod
876 1161 1031 1248 alligatus
1044 1164 1130 1248 palo,
1151 1169 1189 1228 ut
1204 1163 1263 1231 illa
1283 1165 1367 1250 rupi,

297 1279 418 1363 poterit
441 1277 618 1344 commode.
668 1276 767 1343 Oanit
792 1276 926 1363 longam
950 1276 1138 1342 monodiam
1161 1276 1247 1363 (ejus
1270 1299 1368 1365 quam

298 1390 506 1456 Andromeda
518 1388 696 1474 Euripidae
705 1394 890 1454 cantaverat
903 1388 1148 1472 imitationem),
1160 1411 1258 1476 quern
1271 1390 1368 1456 Euri-

296 1503 409 1588 pides,
435 1503 525 1592 Echo
549 1501 770 1586 adsimulans,
792 1501 987 1568 intercinit³
1007 1523 1163 1588 perquam
1173 1502 1297 1589 jocose;
1314 1503 1367 1569 hic

297 1617 414 1682 deinde
437 1617 592 1682 Perseum
608 1636 707 1701 agens
724 1614 847 1680 solvere
861 1620 955 1701 parat
970 1615 1229 1694 Andromedam
1248 1617 1369 1702 Scytha

297 1735 407 1796 tamen
441 1752 513 1796 eam
544 1729 708 1796 dimittere
730 1751 796 1796 non
818 1729 910 1814 vult,
934 1730 1183 1817 adstantemqne
1206 1729 1368 1797 vindicem

297 1851 397 1929 negat
426 1844 523 1912 aliud·
550 1866 622 1912 esse
658 1844 723 1910 nisi
758 1865 868 1911 senem
902 1844 1102 1930 improbum,
1141 1844 1220 1931 quin
1255 1844 1368 1910 stricto

297 1955 435 2045 denique
465 1959 576 2046 gladio
601 1959 746 2025 minatur
764 1958 881 2025 fictitio
902 1958 955 2023 illi
984 1960 1109 2024 Perseo.
1158 1959 1281 2025 Iterum
1304 1959 1367 2046 igi-

297 2077 351 2138 tur
381 2072 493 2160 fugere
524 2079 653 2141 coactus
683 2072 875 2159 Euripides,
900 2072 1023 2158 aliquid
1048 2072 1125 2138 novi
1149 2073 1366 2150 machinatur3

282 2185 424 2252 scilicet
455 2208 531 2252 cum
562 2185 754 2252 mulieribus
777 2191 893 2270 pactus
916 2190 955 2250 ut
975 2185 1171 2271 permittant
1193 2187 1223 2252 ei
1246 2186 1367 2252 solvere

298 2297 553 2380 Mnesilochum,
587 2298 616 2365 si
645 2297 758 2363 fallere
780 2297 887 2381 possit
911 2297 1077 2382 Scytham,
1102 2299 1148 2384 ἐφ’
1168 2297 1219 2384 ᾧτ’
1239 2299 1368 2365 ἀκοῦσαι

295 2407 390 2492 μηδὲν
411 2410 462 2475 ὑπ’
484 2413 557 2494 ἐμοῦ
577 2407 700 2493 μηδαμὰ
723 2414 818 2476 κακὸν
839 2413 876 2476 τὸ
897 2409 1014 2477 λοιπόν
1026 2412 1049 2484 ⁴,
1080 2410 1141 2476 sub
1173 2411 1265 2476 lenae
1295 2432 1367 2497 per·

296 2543 376 2587 sona
397 2520 604 2606 progreditur
625 2542 698 2587 cum
722 2529 859 2588 venusta
881 2523 1098 2607 meretricula,
1114 2545 1196 2612 quac
1212 2525 1379 2609 Scythanr

296 2634 414 2700 amoris
439 2631 583 2700 stimulis
608 2633 738 2712 incitat3
763 2634 816 2700 hic
839 2640 950 2700 autem
973 2635 1052 2701 dum
1075 2658 1150 2702 curn
1173 2636 1283 2721 puella
1306 2636 1368 2702 ulin

296 2746 486 2832 quantisper
520 2745 660 2828 secedit,
697 2746 870 2833 Euripides
901 2747 1019 2844 liberat
1048 2747 1303 2832 Mnesilochum,
1335 2755 1368 2816 et

296 2858 418 2942 Scytha
439 2882 585 2926 reversus
607 2882 737 2928 scenam
760 2883 895 2927 vacuam
917 2861 1060 2947 invenit,
1084 2862 1216 2929 delusus
1239 2863 1369 2930 vafritie

296 2971 484 3058 Euripidis,
521 2975 577 3060 qui
608 2980 682 3059 post
713 2975 823 3042 crebra
846 2973 985 3040 artificia
1009 2975 1128 3057 victor,
1152 2975 1275 3062 gratias
1299 2976 1369 3063 agit

297 3086 437 3153 Hermae
461 3088 557 3154 Dolio
580 3091 724 3164 derenci
744 3093 801 3172 μὲν
823 3089 864 3155 ’ἔτι
886 3087 992 3164 καλῶς
1013 3098 1094 3154 ποιεῖ
1104 3091 1126 3147 ⁶·

341 3198 449 3265 Facile
472 3199 666 3285 perspicitur
689 3199 768 3287 quid
791 3199 933 3264 comicus
956 3198 1099 3265 ludendo
1122 3200 1175 3265 hic
1194 3199 1365 3286 vituperet.

297 3310 410 3377 Oeacis
443 3312 567 3378 scilicet
594 3313 677 3378 ratio
709 3312 913 3378 nunciandae
943 3312 1058 3378 mortis
1080 3313 1253 3398 fraternae,
1278 3314 1368 3380 Echo

285 3422 408 3509 ,λόγων
429 3421 571 3511 ἀντῳδὸς
594 3426 831 3512 ἐπικοκκάστρια
845 3423 869 3507 ⁶,
904 3424 984 3491 haec
1020 3431 1053 3491 et
1088 3425 1210 3492 similia
1235 3428 1369 3493 inventa

296 3534 464 3600 callidiora
497 3557 594 3621 quarn
627 3558 685 3621 pro
716 3537 858 3622 tragicae
891 3559 1005 3604 scenae
1037 3539 1198 3626 dignitate
1225 3541 1255 3608 ei
1278 3541 1367 3606 vide-

296 3648 423 3714 bantur.

329 3935 337 3966 ¹
370 3936 417 3984 Vs.
434 3935 490 3988 927.

328 4022 339 4054 ²
371 4026 416 4073 Vs.
436 4024 505 4073 1011.

329 4111 339 4143 ³
372 4116 417 4163 Vs.
445 4115 614 4166 locu-1096.
648 4116 780 4180 Euripides
805 4117 852 4176 τὴν
874 4115 926 4180 ἠχὼ
945 4118 1059 4184 deincps
1076 4121 1275 4173 κακοστένακτον
1293 4123 1320 4173 ἐν
1337 4127 1368 4188 τῇ

298 4202 447 4268 Ἀνδρομέδᾳ
464 4203 575 4267 (Sobel).

329 4291 338 4321 ⁴
371 4292 418 4340 Vs.
437 4294 506 4345 1162.

330 4381 339 4410 ⁵
372 4382 418 4455 Vs.
438 4383 508 4432 1202.

330 4469 339 4500 ⁶
373 4473 419 4521 VS.
439 4473 509 4521 1059.
