3284 5338
818 453 878 518 105

312 636 438 702 acribus
473 635 644 719 deflectat,
685 635 853 700 subductis
881 634 1022 700 'calamis
1057 636 1154 723 longe
1180 637 1219 703 iis
1243 615 1384 704 deterius

311 771 378 814 rem
402 749 507 835 egisse
530 747 710 814 censendus
734 749 796 826 sit;
820 748 1002 834 pariterque
1025 747 1166 814 affinitas
1189 750 1266 835 illa,
1290 752 1386 824 toties

307 862 379 947 jam
401 885 421 928 a
442 885 495 928 me
518 866 788 945 commemorata,
813 863 898 926 inter
921 883 1040 927 novam
1054 862 1273 948 comoediam,
1292 866 1388 931 choro

312 981 494 1059 carentem,
519 974 653 1061 ejusque
676 974 830 1040 dramata
858 975 922 1043 Hic
945 996 1071 1061 quoque
1091 976 1126 1040 in
1140 991 1179 1042 ao
1191 977 1389 1062 conspicitur

312 1088 470 1154 transitus
507 1088 639 1174 quidam
675 1111 695 1153 a
728 1089 828 1154 veteri
861 1095 930 1154 arte
959 1089 1005 1154 'ad
1038 1109 1174 1166 novam3
1207 1090 1313 1155 mulos
1336 1090 1389 1156 hic

312 1222 439 1287 quoque
461 1200 591 1287 gignit,
617 1208 655 1267 ut
676 1223 836 1268 recurram
859 1202 901 1266 ad
924 1201 1078 1268 Germani
1101 1201 1286 1287 philosophi
1308 1203 1388 1270 alle-

312 1315 438 1400 goriam
454 1313 473 1379 ¹.
501 1313 610 1394 Quum
633 1313 720 1379 enim
744 1315 840 1379 choro
863 1314 1390 1404 qnidfaceretvixbenenosset’,

312 1448 417 1512 neque
439 1448 518 1492 sane
539 1427 656 1494 actoris
669 1433 777 1512 partes
788 1426 997 1513 officiumque
1010 1427 1103 1493 virile
1114 1428 1145 1493 ei
1158 1429 1388 1517 impertiretur,

313 1561 379 1605 non
414 1544 523 1604 tamen
557 1540 642 1605 istuc
676 1560 774 1605 ausus
809 1544 860 1605 ast
893 1539 1045 1628 progredi
1080 1546 1118 1606 ut
1150 1563 1224 1608 eum
1259 1565 1389 1629 prorsus

314 1651 511 1734 dimitteret,
536 1652 594 1717 sed
616 1652 658 1717 ad
680 1652 807 1718 cantica
830 1651 1028 1718 modulanda
1051 1675 1089 1719 eo
1113 1661 1164 1720 est
1186 1678 1282 1742 usus,
1304 1658 1391 1726 haud

315 1765 461 1851 vulgaris
498 1765 630 1851 quidem
665 1766 743 1832 artis
779 1767 990 1850 documenta,
1015 1769 1073 1833 sed
1095 1791 1169 1835 cum
1193 1770 1272 1855 ipsis
1296 1772 1390 1840 fabu-

314 1883 421 1947 larum
444 1879 648 1966 argumentis
673 1900 769 1964 saepe
791 1884 849 1943 aut
871 1879 955 1944 nihil
979 1879 1105 1946 confine
1128 1881 1301 1969 habentia,
1335 1892 1392 1951 aut

316 1999 383 2059 tam
406 2013 522 2079 parurn
545 1996 583 2057 ut
606 1991 661 2057 rix
684 1991 831 2076 dignosci
855 1998 953 2078 queat
968 1995 989 2058 ³.
1039 1992 1077 2057 In
1101 1995 1234 2060 caeteris
1261 1997 1388 2064 fabula-

317 2108 394 2174 rum'
412 2107 560 2194 partibus
584 2107 694 2173 adstat
717 2106 841 2172 otiosus
864 2095 976 2190 testis,
1004 2107 1093 2193 pisce
1115 2110 1238 2176 mutior
1260 2111 1318 2176 ubi
1340 2112 1393 2177 vel

319 2243 448 2288 summa
478 2221 598 2286 scelera
622 2221 684 2286 scit
704 2219 830 2304 parari,
855 2241 937 2306 quae
960 2243 1025 2286 uno
1049 2223 1181 2289 verbulo
1204 2245 1393 2310 praecavere

318 2343 428 2420 posset
442 2336 464 2398 ⁴.
493 2333 602 2414 Quum
625 2333 762 2400 forensis
788 2333 897 2418 agitur
919 2333 1132 2421 disceptatio,
1151 2337 1317 2403 tantulum
1334 2339 1393 2402 ho-

351 2629 360 2662 ¹
377 2629 471 2680 Hamb.
488 2629 604 2680 Dramst.
620 2633 657 2676 n⁰.
675 2629 715 2679 48.
748 2627 786 2680 Of.
804 2643 879 2693 supra
898 2645 956 2694 pag.
973 2631 1005 2681 35
1021 2633 1076 2680 adu.
1093 2634 1117 2682 3.

349 2717 469 2770 ’Bernn
486 2716 521 2766 l.l.
538 2730 596 2780 pag.
612 2717 675 2766 tls:
693 2716 791 2765 “dieser
806 2717 1017 2768 unrermeidliche
1029 2719 1393 2772 Nachlsssdesdrsmstischan

319 2807 439 2859 Gedichts
456 2807 545 2856 driiclrt
561 2807 604 2854 ihn
620 2807 657 2856 als
673 2805 713 2856 eiu
730 2806 833 2870 l'sistiges
850 2807 1038 2858 Herkommen''
1057 2818 1103 2858 etc.

351 2896 361 2928 ³
377 2897 416 2947 Ut
431 2898 506 2961 hujus
522 2897 559 2946 rei
576 2897 721 2960 exemplum
740 2896 850 2956 afferam,
868 2898 957 2961 delego
973 2899 1090 2948 lectorem
1107 2900 1138 2947 ad
1150 2899 1239 2948 Helen.
1250 2912 1286 2949 vs.
1298 2903 1393 2953 1317-

322 2987 397 3045 1384,
421 2986 464 3035 ubi
486 3000 535 3034 non
558 2984 771 3051 intelligiturque
789 2985 892 3034 consilio
909 2986 1014 3050 Cybeles
1032 2988 1071 3037 vel
1088 2987 1186 3039 Cereris
1203 2986 1253 3036 feta
1269 2999 1396 3038 canantur.
1486 3025 1488 3029 -

320 3076 362 3137 [In
386 3075 506 3138 corruptis
530 3089 578 3123 vss.
601 3075 664 3124 1369
689 3089 740 3138 sqq.
763 3075 922 3138 Musgravius
940 3083 1011 3138 putat
1027 3076 1102 3124 alludi
1118 3076 1150 3124 ad
1167 3076 1265 3126 Thesea
1281 3079 1322 3141 qui
1344 3083 1396 3127 “se-

319 3172 436 3226 ptennem
453 3162 582 3216 deflorant
597 3162 737 3214 Helenen.''
753 3163 821 3212 Num
843 3163 993 3227 Thesmoph.
1011 3179 1039 3212 rs
1064 3165 1113 3215 480
1128 3164 1193 3214 forte
1211 3167 1298 3214 eodem
1321 3167 1396 3230 raspi-

318 3255 426 3317 citur??]

351 3345 383 3393 In
408 3343 508 3394 Electra
532 3342 615 3392 fabula
639 3356 688 3391 non
713 3342 795 3391 mnus
819 3342 882 3392 mihi
906 3342 1020 3408 displicet
1044 3342 1110 3405 quod
1130 3344 1236 3393 Homeri
1252 3345 1311 3393 satis
1328 3346 1398 3394 lucra

321 3433 459 3484 imitatione
484 3431 632 3481 describitur
656 3431 757 3496 clypeus
778 3431 897 3491 Achillis,
913 3432 967 3481 loco
983 3431 1086 3481 minime
1102 3433 1223 3496 apposito.
1255 3434 1314 3483 Non
1332 3436 1397 3484 enim

288 3559 290 3564 .
321 3523 352 3571 de
369 3521 469 3573 Achille
486 3522 530 3570 sed
546 3522 576 3570 de
592 3521 785 3584 Agamemnone
802 3522 926 3584 agendum
943 3530 1004 3571 erat.
1038 3521 1106 3579 Nisi,
1124 3529 1155 3570 ut
1172 3531 1227 3586 post
1249 3531 1343 3573 tantam
1363 3525 1397 3587 di„

321 3611 471 3675 gressionem
494 3612 525 3659 ad
549 3599 604 3659 rein
628 3608 757 3668 redeatur,
782 3609 905 3659 sufficiant
927 3610 986 3660 baec
1006 3612 1095 3671 verbs,
1117 3613 1277 3674 praeconium
1293 3612 1398 3664 Achillis

322 3699 423 3764 ejusque
440 3714 567 3748 armorum
583 3699 756 3762 subsequentia
772 3700 818 3761 (rs.
834 3700 884 3752 478
899 3706 958 3763 sq.):

485 3787 581 3838 τοιῶνδ’
599 3789 697 3837 ἄνακτα
714 3788 853 3853 δοριπόνων

485 3880 571 3936 ἔκανες
589 3877 705 3939 ἀνδρῶν,
723 3877 844 3941 Τυνδαρὶ,
863 3879 896 3926 cd
913 3877 1004 3941 λέχεα,
1023 3880 1153 3942 κακόφρων
1170 3879 1239 3942 κόρα.

323 3969 454 4022 Mirifioum
484 3967 593 4032 profecto
617 3968 734 4022 laudandi
758 3969 873 4026 modum,
903 3982 951 4032 quo
977 3968 1057 4031 gloria
1082 3968 1188 4020 Achillis
1213 3967 1399 4019 transscribitur

324 4060 351 4110 in
370 4061 597 4122 Agamemnonem!
625 4057 704 4119 Quasi
719 4071 778 4106 varo
794 4057 897 4107 Atrides
914 4057 994 4106 famae
1011 4071 1070 4107 suae
1087 4058 1173 4108 floram
1190 4057 1290 4108 deberet
1306 4058 1349 4106 uni
1367 4072 1399 4106 ex

322 4149 474 4214 principibus
498 4149 542 4214 qui
565 4150 610 4199 sub
635 4148 688 4212 ejus
709 4146 804 4196 vexillo
825 4155 1010 4212 pugnaverant,
1033 4156 1058 4197 et
1079 4148 1142 4196 nihil
1158 4149 1210 4212 ipse
1228 4147 1319 4212 egisset
1335 4149 1399 4212 quod

324 4241 449 4290 celebratu
465 4240 569 4304 dignum
586 4246 659 4288 esset.

358 4329 368 4360 ⁴
385 4331 421 4379 Ut
437 4329 535 4378 mittam
552 4330 654 4377 chorum
671 4327 697 4376 in
713 4327 863 4391 Hippolyto,
879 4341 956 4390 pravo
969 4327 1131 4391 jurejurando
1148 4328 1305 4390 obstrictum,
1323 4328 1399 4391 inpri·
1502 4319 1504 4322 ’

326 4419 372 4467 mis
396 4417 509 4467 miranda
530 4401 575 4466 est'
589 4432 618 4482 aa
635 4415 789 4466 taciturnitas
806 4417 832 4463 in
848 4415 939 4465 Medea
956 4415 1050 4476 fabula,
1067 4416 1109 4470 ubi
1125 4417 1228 4477 chorus,
1245 4434 1323 4482 quum
1340 4418 1401 4466 sciat

326 4507 452 4558 heroinam
477 4520 565 4569 perure
586 4507 687 4558 caedem
712 4505 845 4570 triplicem,
869 4505 931 4555 nihil
953 4521 978 4556 se
999 4506 1173 4571 evulgaturum
1190 4508 1324 4570 promittit,
1342 4506 1401 4569 quid

1439 4359 1444 4441 l
