3284 5338
809 444 871 504 148

335 629 511 692 conseratur
531 628 622 688 etiam
644 625 751 688 similis
773 627 855 688 locus
877 629 909 688 in
933 628 1140 690 Andromache
1161 648 1203 690 vs.
1226 631 1298 690 237:

315 727 432 788 Herm:
458 729 476 790 ὁ
499 730 576 799 νοῦς
597 727 615 788 ὁ
638 725 697 800 σός
718 751 772 806 μοι
793 726 835 806 μὴ
859 722 1033 800 ξυνοικοίη,
1055 729 1158 812 γύναι.

334 894 419 958 nm.
439 912 482 954 vs.
505 897 582 954 282:

454 986 630 1076 οὐδὲνγὰρ
653 989 735 1054 οὕτω
756 992 878 1076 γαῦρόν
900 988 965 1055 ἐσθ’
987 992 1031 1065 ὡς
1052 989 1222 1078 Ἡρακλῆς·

335 1082 432 1144 Schol.
453 1082 528 1143 dicit
548 1099 611 1143 esse
632 1081 832 1142 imitationem
852 1101 954 1144 versus
975 1102 1009 1144 ax
1032 1082 1184 1161 Euripidis
1199 1082 1379 1144 Philocteta:

458 1174 635 1265 οὐδὲνγὰρ
658 1177 740 1243 οὕτω
762 1184 885 1265 γαῦρον
907 1181 951 1254 ὡς
974 1179 1053 1266 ἁνὴρ
1077 1178 1142 1265 ἐ’φυ.

339 1273 425 1334 Oonf.
445 1271 588 1334 Valcken.
611 1271 707 1332 Diatr.
728 1290 795 1350 pag.
820 1278 885 1334 117.
936 1308 952 1330 .

1028 1354 1141 1417 (Ersgm.
1160 1353 1209 1406 786
1226 1355 1313 1416 Βίαᾱ.)

339 1481 422 1547 lttd.
446 1501 486 1542 vs.
509 1484 568 1542 303
590 1499 647 1559 sq.:

457 1575 557 1650 ἐ’ἕεστί
579 1575 606 1642 θ’
629 1579 733 1665 ὥσπερ
755 1575 940 1665 Ἡγέλοχος
961 1579 1034 1661 ἡμῖν
1055 1577 1175 1666 λέγειν·

458 1675 509 1738 “dx
529 1673 673 1754 κυμάτων
694 1673 758 1760 γὰρ
780 1669 870 1748 αὖθις
891 1671 930 1737 αὖ
951 1672 1056 1759 γαλῆν
1080 1677 1176 1754 ὁρῶ·”

335 1765 390 1828 Est
412 1785 513 1828 versus
544 1765 697 1846 Euripidis
718 1768 751 1827 in
773 1767 877 1828 Oreste
899 1771 974 1840 279,
996 1767 1048 1827 ubi
1070 1767 1191 1841 histrio,
1221 1768 1379 1832 immemor

294 1861 443 1934 elisionis,
464 1860 590 1922 ridicule
610 1860 858 1940 pronunciaverat
879 1857 983 1948 γαλῆν
1003 1880 1057 1940 pro
1077 1864 1201 1949 γαλήν’.

336 2015 418 2079 tutu.
439 2035 481 2076 vs.
503 2019 574 2075 465:

456 2114 480 2176 ὦ
501 2108 639 2199 βδελυρὲ
661 2110 871 2197 κάναίσχυντε
893 2116 940 2177 καὶ
963 2109 1099 2199 τολμηρὲ
1123 2112 1169 2176 σά·

258 2284 262 2290 .
336 2204 432 2266 Schol.
463 2205 569 2268 Venet.
590 2205 715 2266 adnotat
736 2204 808 2264 haec
829 2205 940 2266 similia
961 2224 1023 2266 esse
1045 2205 1142 2265 verbis
1163 2204 1270 2265 Thesei
1292 2204 1380 2264 Euri·

293 2299 373 2378 pidei
394 2300 427 2360 in
446 2300 617 2379 cognomini
638 2299 749 2360 fabula.

334 2393 477 2456 Similiter
498 2394 674 2474 Euripidem
687 2395 779 2456 sentis
794 2396 827 2455 in
840 2396 974 2457 versibus
984 2395 1190 2476 sequentibus,
1203 2399 1297 2455 470-
1305 2399 1343 2456 47
1347 2400 1378 2455 8;

453 2494 523 2556 τοία
546 2493 675 2578 Στυγός
697 2519 732 2556 σε
752 2488 1005 2579 μελανοκάρδιος
1026 2495 1123 2578 πέτρα

455 2584 660 2674 Ἀχερόντιός
680 2614 712 2651 τε
735 2585 894 2660 σκόπελος
916 2590 1149 2672 αἱματοσταγὴς

456 2686 647 2768 φρουροῦσι,
671 2687 822 2746 Κωκυτοῦ
842 2708 873 2745 τε
895 2679 1078 2770 περίδρομοι
1100 2687 1220 2757 κόνες,Ι

453 2770 586 2863 Ἐχιδνά
608 2772 635 2839 θ’
656 2775 923 2860 ἑκατογκέφαλος,
946 2775 965 2852 ἣ
986 2779 1024 2841 τὰ
1047 2776 1223 2864 σπλάγχνα
1246 2806 1308 2843 σου

457 2867 675 2956 διασπαράξει,
697 2871 884 2952 πνευμόνων
906 2869 931 2935 τ’
951 2869 1121 2955 άνθάφεται

456 2968 636 3052 Ταρτησσῖα
656 2968 805 3052 μύραινα·
827 2967 871 3030 τὼ
893 2969 996 3052 νεφρὼ
1018 2963 1051 3031 δέ
1075 2995 1134 3032 σον

456 3061 597 3125 αὐτοῖσιν
618 3062 788 3148 ἐντέροισιν
809 3057 998 3146 ᾑματωμένω

457 3153 682 3221 διασπάσονται
705 3157 867 3241 Γοργόνες
890 3152 1068 3242 Τιθράσιαι,

456 3250 502 3337 ἐφ’
524 3248 563 3324 ἃς
585 3253 646 3337 ἐγὼ
669 3247 821 3336 δρομαῖον
843 3253 970 3338 ὁρμήσω
992 3248 1085 3317 πόδα·

334 3345 372 3406 In
392 3344 440 3406 his
460 3343 540 3404 haud
561 3343 651 3404 dubie
670 3343 768 3403 multa
788 3352 860 3404 sunt
882 3343 1057 3423 Euripidae,
1080 3340 1270 3407 testantibus
1284 3353 1375 3409 etiam

293 3440 426 3513 scholiis,
448 3437 500 3499 sed
520 3457 556 3498 er
576 3437 673 3499 verbis
695 3437 904 3516 Aristophanis
925 3444 1076 3516 nequeunt
1093 3440 1239 3500 extricari.
1262 3440 1376 3503 Locum

294 3556 330 3597 ex
352 3534 505 3613 Euripidis
525 3533 640 3594 Theseo
661 3533 736 3594 citat
757 3532 863 3594 schol:

456 3630 536 3718 κάρα
556 3656 587 3693 τε
608 3628 670 3716 γάρ
693 3657 752 3694 σου
774 3631 901 3716 σνγχέω
924 3632 1033 3713 κόμαις
1056 3635 1151 3713 ὁμοῦ,

454 3722 542 3811 ῥανῶ
565 3751 596 3789 τε
617 3721 723 3790 πεδόσ’
745 3724 934 3810 ἐγκέφαλον,
958 3725 1105 3808 ὀμμάτων
1128 3722 1154 3790 δ’
1177 3725 1239 3791 ἄπο

456 3822 656 3905 αἱμοσταγεῖς
677 3829 854 3905 πρηστῆρες
875 3819 1004 3884 ὕσονται
1026 3821 1117 3885 κάτω·

946 3914 1059 3978 (Ersgm.
1075 3916 1206 3966 ass-388
1221 3917 1309 3980 Dind.)

256 4017 262 4032 ’
336 4026 418 4092 lbld.
439 4046 483 4087 vs.
505 4029 564 4088 534
585 4044 661 4104 sqq.:

456 4130 550 4187 ταῦτα
571 4126 626 4202 μὲν
647 4121 732 4209 πρὸς
755 4118 873 4209 άνδρός
895 4123 958 4186 ἐστι

456 4222 533 4282 νοῦν
554 4215 690 4302 ἔχοντος
712 4220 760 4280 καὶ
782 4218 897 4302 φρένας
919 4223 966 4281 καὶ

454 4308 565 4376 πολλὰ
586 4309 887 4398 περιπεπλευκότος,

454 4401 685 4487 μετακνλινδεῖν
707 4406 801 4472 αὑτὸν
823 4404 869 4470 det

454 4500 536 4585 πρὸς
556 4501 612 4562 τὸν
634 4497 665 4562 εὗ
687 4501 866 4586 τράποντο
887 4509 1000 4587 τοῖχον
1022 4506 1080 4567 κτέ·
