3258 5328
828 448 869 509 46

315 649 416 710 paene
457 627 544 693 dicas
585 649 658 694 eum
707 629 828 715 gloriae
871 651 978 694 arnore
1011 629 1160 712 ductum,
1196 651 1268 696 curn
1306 629 1386 694 alios

315 743 427 822 poetas
451 743 520 804 arte
543 759 577 804 se
602 763 753 825 superare
776 763 870 827 posse
894 742 1096 827 desperaret,
1121 742 1275 808 materiae
1302 748 1386 809 certe

314 851 407 938 copia
430 853 556 918 vincere
579 853 720 920 voluisse
738 865 759 918 ¹.
802 854 854 920 Sic
877 854 912 919 in
937 855 1124 921 Phoenissis
1141 857 1384 940 componendis,

313 989 414 1058 quum
445 968 643 1052 Aeschylum
669 969 943 1056 Sophoclemque,
968 970 1024 1056 qui
1048 970 1133 1035 idern
1155 973 1386 1054 argumentum

315 1087 549 1166 tractaverant,
587 1082 823 1166 aemularetur,
858 1083 892 1147 id
928 1082 1145 1169 excogitavit,
1180 1088 1219 1148 ut
1252 1087 1386 1149 cunctas

315 1194 570 1260 Labdacidarum
594 1195 816 1279 calamitates,
841 1217 977 1281 quarum
1002 1196 1152 1282 singulae
1175 1195 1241 1260 illis
1254 1195 1386 1262 uberem

314 1307 471 1373 dramatis
505 1308 672 1374 materiem
709 1308 1014 1394 suppeditaverant,
1040 1309 1137 1374 unius
1156 1307 1286 1373 fabulae
1310 1307 1385 1370 fini-

316 1420 377 1485 bus
400 1419 597 1498 includeret;
621 1421 731 1487 credas
755 1441 830 1486 eum
853 1421 1040 1507 putavisse,
1066 1443 1128 1507 quo
1151 1421 1247 1506 plura
1270 1443 1385 1486 uume-

315 1537 464 1597 rarentur
496 1532 629 1616 funera,
654 1555 691 1598 eo
716 1534 882 1600 meliorem
906 1541 939 1600 et
963 1535 1142 1620 graviorem
1166 1533 1234 1599 fore
1258 1539 1385 1618 tragoe-

315 1646 422 1723 diam3
459 1651 625 1732 praeterea
657 1647 841 1732 Antigones
874 1648 933 1713 illa
963 1651 1182 1734 τειχοσκοπία,
1207 1669 1288 1732 quae
1311 1651 1387 1732 post

312 1759 464 1824 docastae
495 1757 653 1844 frigidum
688 1759 861 1845 prologum
892 1781 948 1845 per
986 1762 1048 1824 160
1072 1780 1239 1824 versasse
1262 1758 1383 1842 trahit,

285 1925 288 1930 .
314 1873 376 1938 etsi
398 1893 456 1957 per
479 1893 513 1937 se
537 1871 645 1937 suavis
670 1872 811 1938 imitatio
830 1872 981 1956 Homeri,
1006 1872 1047 1938 ad
1068 1871 1197 1939 fabulae
1212 1893 1385 1957 argumen-

313 1992 384 2050 tum
408 1983 493 2049 nihil
516 1984 659 2069 confert‚
693 1986 781 2050 utab
795 1986 1009 2071 hypotheseos
1024 1985 1385 2070 scriptorevereobser-

313 2106 434 2163 vatum.
476 2097 540 2163 Sed
564 2096 714 2183 inprimis
735 2097 928 2181 dolendum,
946 2096 1109 2162 Menoeoei
1125 2104 1264 2176 mortem
1276 2098 1311 2161 in
1324 2098 1385 2162 hac

313 2211 423 2277 fabula
447 2233 517 2280 esse
541 2217 767 2275 memoratam:
791 2211 940 2294 generosi
962 2209 1053 2295 pueri
1076 2210 1186 2276 nobile
1208 2211 1311 2276 letum
1333 2210 1384 2274 di-

312 2347 416 2410 gnum
438 2327 507 2388 erat
528 2322 615 2408 quod
636 2322 733 2408 paulo
754 2322 849 2387 aliter
871 2328 1041 2388 caneretur
1064 2344 1163 2410 quam
1181 2323 1382 2405 intransitu,

313 2437 483 2503 duodecim
514 2439 645 2528 tantum
679 2433 825 2500 versibus
859 2434 894 2498 in
927 2434 1038 2500 nuncii
1068 2435 1252 2500 narratione
1282 2435 1321 2500 de
1345 2456 1382 2500 eo

313 2550 494 2635 agentibus.
543 2546 611 2612 Nec
644 2569 710 2612 non
741 2548 776 2611 in
809 2547 882 2612 aliis
914 2547 1034 2613 fabulis
1066 2549 1188 2614 similia
1215 2555 1385 2614 occurrunt

313 2662 527 2728 incommoda.
576 2659 616 2723 ln
651 2658 786 2724 Hecuba
824 2660 909 2725 inter
945 2661 1130 2745 Polyxenao
1165 2666 1199 2726 et
1232 2661 1384 2745 Polydori
1471 2693 1474 2698 ·

313 2774 445 2858 funera,
478 2796 559 2860 quae
589 2774 681 2840 nullo
704 2775 834 2840 vinculo
860 2781 937 2841 sunt
955 2775 1072 2862 juncta
1084 2779 1108 2860 ³,
1133 2776 1289 2842 dividitur
1310 2797 1383 2860 spe-

314 2892 475 2953 ctatorum
499 2888 636 2953 animus.
674 2889 714 2953 In
737 2887 922 2954 Heraclidis
937 2911 1011 2954 cum
1027 2889 1187 2955 Macariae
1202 2890 1386 2956 voluntaria

316 3023 402 3066 mors
448 3007 518 3067 tum
565 3000 742 3086 Eurysthei
774 3023 880 3087 poena
920 3007 1075 3068 cantatur.
1133 3002 1174 3066 In
1223 3002 1385 3089 Supplici·

315 3116 377 3180 bus
407 3116 589 3201 episodium
617 3116 659 3182 de
688 3116 822 3182 Euadne
851 3115 884 3180 in
914 3115 1023 3181 mariti
1047 3115 1190 3201 Capanei
1212 3136 1327 3200 rogum
1351 3137 1385 3179 se

348 3327 354 3356 ¹
389 3326 447 3375 Non
465 3324 536 3374 facile
553 3324 661 3372 adducar
679 3331 706 3372 ut
721 3322 843 3372 caleulum
859 3321 972 3383 adjiciam
988 3322 1151 3381 Bamhardio,
1167 3323 1202 3371 ita
1209 3323 1385 3372 dehaererum

256 3439 258 3444 ¹
314 3414 462 3464 abundantia
486 3413 606 3461 rationem
632 3412 746 3461 reddenti
771 3412 837 3474 (pag.
863 3411 935 3472 432):
959 3411 1057 3459 “dieses
1081 3411 1191 3461 Unmass
1208 3411 1276 3460 eines
1292 3411 1387 3460 tiberia-

313 3505 411 3554 “denen
435 3502 574 3552 Plana...
604 3500 676 3550 sollte
703 3502 742 3549 dia
769 3499 951 3562 Verflechtung
975 3501 1019 3550 der
1044 3501 1176 3563 geheimen
1196 3501 1283 3551 Fiden
1299 3501 1325 3549 in
1341 3503 1386 3550 dar

314 3592 456 3643 “sittlichen
481 3590 550 3640 Welt
573 3590 732 3639 anschaulieh
756 3589 870 3647 machon,
884 3589 935 3636 nnd
951 3588 1070 3653 beil'antig
1086 3589 1132 3638 aui
1153 3591 1194 3639 dic
1210 3590 1385 3654 verborgenen

317 3682 414 3745 '‘Wege
438 3681 482 3729 der
508 3677 621 3728 Gottheit
645 3677 680 3725 im
704 3677 825 3726 unklaren
849 3676 1001 3726 Lebenslauf
1014 3679 1058 3726 der
1074 3678 1211 3727 Menschan
1227 3677 1385 3728 hinweisen.''

315 3773 393 3835 (Vide
410 3771 486 3819 etiam
503 3782 561 3831 pag.
580 3768 645 3829 159.)
656 3793 686 3803 —
701 3767 743 3817 Sic
759 3774 845 3830 poetae
854 3766 954 3830 antiquo
963 3767 1065 3816 consilia
1075 3778 1099 3817 et
1107 3768 1235 3832 opiniones
1244 3768 1386 3818 tribuuntur

314 3863 344 3910 de
369 3859 457 3924 quibus
481 3871 513 3906 ne
539 3871 645 3920 unquam
670 3857 799 3905 somniavit
814 3855 925 3920 quidem:
941 3863 1007 3905 carte
1023 3871 1073 3905 non
1090 3857 1148 3907 satis
1165 3866 1219 3907 erat
1235 3858 1386 3921 expressisse

314 3950 377 3998 hanc
402 3948 556 4012 opinionem,
584 3960 647 4009 quaa
671 3945 718 3994 nisi
740 3945 824 3995 solidis
847 3946 1001 4007 argumentis
1026 3945 1156 4005 fulciatur,
1174 3961 1310 4011 perpaucos
1326 3955 1386 4011 puto

314 4054 346 4086 ex
363 4039 490 4102 Euripidis
506 4035 638 4086 lectoribus
655 4035 760 4086 lautores
776 4043 880 4084 nactura
896 4042 940 4085 est.

346 4124 357 4155 ²
390 4126 455 4187 Quin
481 4126 523 4174 nbi
547 4133 638 4188 agatur
663 4139 715 4184 res,
739 4133 825 4174 utrum
849 4125 875 4172 in
901 4124 1076 4175 Chersonneso
1092 4141 1123 4175 an
1140 4127 1165 4174 iu
1184 4126 1295 4190 Trojano
1311 4139 1385 4189 agro,

316 4228 365 4261 non
389 4221 497 4271 conatam
522 4214 553 4263 cs.
578 4230 615 4264 vs.
636 4215 669 4262 33
690 4229 726 4278 sq.
744 4230 799 4268 cum
817 4228 853 4262 vs.
870 4215 919 4263 954
936 4222 961 4264 et
980 4216 1039 4265 llll
1058 4229 1110 4278 sqq.
1144 4215 1303 4279 Pflugkinm,
1319 4215 1386 4278 cupi·

315 4301 382 4362 dius,
398 4309 427 4351 ut
443 4303 517 4360 solet,
534 4303 565 4352 ab
583 4304 702 4366 Euripide
717 4304 758 4354 hie
775 4319 871 4368 quoque
888 4318 987 4354 ornnem
1003 4305 1100 4368 culpam
1112 4321 1227 4356 amovere
1239 4308 1386 4364 studentem,

316 4400 365 4442 tam
386 4391 488 4455 egregia
509 4408 548 4443 me
569 4392 652 4455 judice
669 4394 786 4445 refutavit
802 4394 834 4445 G.
851 4395 1010 4444 Hermannus
1027 4395 1052 4442 in
1068 4409 1127 4443 suae
1143 4395 1257 4445 editionis
1273 4395 1385 4460 prolego-

317 4483 407 4544 menis,
424 4490 452 4530 ut
469 4482 560 4531 mirum
577 4483 597 4532 si
614 4483 669 4546 quis
686 4484 733 4532 sibi
750 4484 781 4533 ab
800 4498 829 4533 eo
845 4483 988 4547 persuaderi
1004 4498 1053 4533 uon
1070 4484 1182 4546 patiatur.
