3258 5328
826 444 864 505 12

308 628 457 694 bolarum
481 633 590 692 autem
612 626 873 711 Euripideum,
897 648 977 712 quas
1003 649 1079 712 prae
1101 629 1235 694 caeteris
1255 631 1378 697 comico

308 747 399 807 aceto
423 740 628 807 adversarius
651 739 808 828 perfudit,
822 739 993 825 pleraeque
1005 740 1188 826 perierunt,
1201 743 1378 829 Telephus,

308 854 534 938 Andromeda,
559 854 764 939 Melanippa,
787 851 1018 937 Bellerophon,
1038 854 1223 942 multaeque
1242 856 1341 936 aliae3
1362 881 1379 923 e
1409 851 1414 860 ’

308 968 539 1055 superstitibus
563 967 650 1032 solae
674 966 894 1052 Hippolytus,
912 964 1066 1051 Hecuba,
1086 967 1213 1034 Helena
1227 970 1379 1037 videntur

307 1107 327 1148 a
351 1083 473 1149 comico
496 1081 654 1148 attentius
677 1103 748 1146 esse
771 1081 965 1164 exploratae.
1006 1079 1133 1146 Periere
1155 1103 1251 1167 porro
1266 1084 1377 1150 imita-

308 1199 413 1263 tiones
446 1198 631 1262 dramatum
664 1193 931 1279 Euripideorum,
965 1216 1045 1280 quas
1077 1217 1117 1260 ex
1141 1196 1252 1262 eadem
1277 1198 1379 1266 divite

308 1334 409 1395 vena,
452 1332 534 1397 quae
573 1307 829 1393 Aristophanem
870 1327 1038 1392 nunquam
1072 1307 1208 1392 defecit,
1242 1311 1377 1378 haustas

307 1426 427 1509 fuisse,
460 1429 494 1491 et
526 1421 631 1487 multa
665 1419 864 1487 continuisse
896 1420 937 1484 ad
966 1417 1129 1503 judicium
1157 1422 1197 1488 de
1222 1423 1379 1510 Euripide

307 1535 524 1622 pertinentia,
548 1534 621 1622 quis
645 1533 773 1619 estqui
797 1532 948 1598 dubitet?
994 1532 1023 1596 E
1046 1541 1245 1600 caeterorum
1268 1544 1378 1604 autem

308 1651 504 1718 comicorum
543 1647 680 1731 fabulis,
725 1645 842 1733 quibus
878 1645 1183 1733 ἀνασελγαινόμενος
1207 1646 1379 1736 Εὐριπίδης

308 1763 484 1850 aliquando
516 1761 594 1826 trita
625 1759 690 1826 fere
719 1739 869 1824 materies
892 1759 957 1825 fuit
973 1758 999 1845 ¹,
1026 1760 1109 1825 nihil
1132 1763 1265 1827 omnino
1288 1770 1376 1830 aeta·

308 1884 376 1944 tem
398 1875 484 1942 tulit.

354 1991 443 2071 Quae
476 1996 586 2054 tamen
619 1989 794 2070 supersunt
816 1986 986 2072 utriusque
1009 1993 1122 2072 poetae
1146 1987 1286 2072 scripta,
1312 2011 1376 2054 non

308 2112 378 2170 tam
400 2109 479 2170 suut
500 2122 603 2188 pauca
626 2099 705 2186 quin
728 2120 768 2165 ex
791 2100 831 2164 iis
856 2100 935 2165 satis
959 2104 1105 2164 accurate
1127 2099 1232 2183 possit
1255 2102 1375 2188 colligi,

307 2216 386 2302 quid
418 2222 452 2280 et
480 2236 543 2299 quo
570 2212 644 2298 jure
667 2212 749 2277 alter
772 2213 812 2277 de
835 2212 936 2277 altero
954 2211 1127 2297 judicarit,
1152 2211 1203 2277 vel
1223 2249 1269 2264 —-
1291 2215 1375 2299 quod

308 2330 422 2397 eodem
456 2327 541 2393 redit
571 2363 616 2374 -
646 2326 680 2390 in
703 2325 804 2389 altero
828 2324 1037 2410 vituperarit3
1062 2346 1138 2389 nam
1162 2324 1332 2392 laudanda
1348 2329 1375 2393 si

307 2465 371 2530 qua
404 2442 438 2506 in
467 2439 624 2525 Euripide
648 2437 774 2504 invenit
797 2439 958 2523 comicus,
983 2461 1151 2525 nunquam
1174 2439 1290 2506 effatus
1314 2447 1372 2507 est.

309 2555 372 2621 Sed
395 2555 456 2640 hoc
476 2553 572 2639 plura
597 2551 632 2616 in
657 2573 694 2616 eo
716 2551 960 2634 condemnavit,
984 2574 1066 2637 quae
1088 2573 1152 2617 non
1169 2553 1312 2619 maleita
1323 2575 1375 2623 me

285 2657 449 2732 ¹dividere
482 2673 516 2731 et
542 2665 691 2730 ordinare
721 2670 817 2749 puto,
843 2670 879 2728 ut
903 2665 1008 2730 dicam
1031 2665 1191 2751 tragicum
1214 2665 1245 2731 ei
1267 2666 1374 2732 visum

306 2803 376 2847 esse
410 2781 536 2846 deornm
567 2787 792 2860 contemtorem,
829 2777 1060 2866 πολυμήχανον
1073 2778 1096 2851 ²,
1127 2783 1161 2844 in
1189 2801 1281 2845 sceno
1298 2780 1374 2865 plri-

306 2895 464 2981 losoptnm
486 2905 516 2960 et
535 2894 701 2975 rhetorem,
724 2913 841 2958 morum
864 2901 1086 2977 corruptorem,
1112 2897 1250 2980 tropicae
1271 2894 1372 2981 clipei«

305 3011 380 3074 totis
409 3007 616 3093 perditorem,
652 3005 768 3071 mulnm
798 3003 936 3089 denique
962 3007 996 3068 in
1007 3003 1135 3089 subulis
1157 3007 1374 3092 componendis

305 3121 453 3205 artificem
483 3127 517 3186 et
548 3124 581 3186 in
603 3117 738 3202 uersibrm
753 3116 933 3204 ponpendr'a
955 3120 1166 3203 importunum
1187 3130 1370 3186 nooutorem.

352 3232 400 3296 De
422 3233 473 3298 his
499 3233 600 3319 igitur
623 3230 813 3297 criminibus
830 3229 1020 3315 singulatim
1029 3229 1098 3315 jam
1112 3231 1174 3296 erit
1186 3232 1371 3299 videndum.

339 3441 347 3473 ¹
364 3443 444 3493 Arist.
461 3443 513 3492 Ves
532 3480 537 3491 .
554 3444 594 3494 61.

337 3531 348 3564 ¹
365 3533 420 3582 Hoc
436 3457 593 3590 vocabilum
610 3533 674 3595 quod
691 3545 736 3580 auo
752 3531 806 3580 loeo
823 3530 995 3594 explicabitur,
1013 3532 1092 3596 elegi,
1110 3531 1168 3596 quia
1184 3531 1252 3581 nulla
1267 3531 1376 3580 dictione

305 3622 396 3671 Latina
411 3623 497 3672 eadem
513 3635 552 3670 res
571 3636 648 3684 aeque
664 3621 790 3685 perspicue
806 3619 958 3682 designatur.
