3284 5338
734 437 795 498 117

225 620 336 685 Habet
368 619 456 684 enim
488 620 596 685 nescio
628 620 707 705 quid
730 619 928 704 voluptatis,
954 620 982 685 si
1006 621 1087 685 serio
1111 619 1198 684 diota
1226 641 1301 685 oon-

224 736 395 797 vertuntur
427 731 462 794 in
487 753 618 797 sensum
644 731 826 813 ludicrum,
851 732 1125 817 quemadmodum
1149 732 1302 798 delectari

225 844 366 909 solemus
405 850 520 909 notum
559 845 587 910 si
612 845 740 910 'callida
773 845 907 910 verbum
943 845 1120 910 reddiderit
1148 845 1303 930 junctura

224 977 345 1020 novum
364 956 384 1020 ¹.
423 955 517 1035 Quod
540 961 649 1021 autem
675 956 866 1042 Euripidem
889 956 987 1042 longe
1011 956 1139 1041 saepius
1164 955 1300 1044 παρῳδεῐ

225 1068 365 1135 comicus
397 1091 495 1155 quam
526 1071 666 1156 reliquos
700 1074 833 1134 cunctos
858 1076 989 1154 poetas,
1015 1069 1049 1133 id
1075 1068 1212 1136 fortasse
1235 1093 1299 1136 non

225 1183 297 1248 ideo
320 1183 427 1269 magis
450 1182 528 1248 feeit
551 1183 638 1269 quod
662 1204 736 1248 eum
761 1203 838 1267 prae
860 1181 993 1268 reliquis
1016 1181 1145 1248 ridendi
1172 1183 1298 1268 copiam

226 1296 300 1361 dare
329 1302 491 1380 censeret,
527 1318 626 1381 quam
650 1296 736 1382 quod
759 1294 828 1379 ejus
853 1295 1000 1360 dramata
1023 1295 1170 1360 omnium
1193 1297 1299 1361 multo

226 1417 334 1498 essent
357 1409 547 1492 notissima,
572 1414 609 1474 ut
632 1408 787 1495 quicquid
810 1409 851 1472 ad
875 1430 912 1472 ea
935 1408 1133 1474 alluderetur
1145 1409 1301 1474 facillimo

226 1527 337 1606 posset
359 1521 502 1607 intelligi
515 1522 537 1586 ⁹.
565 1522 610 1586 Et
633 1522 693 1586 hac
716 1520 847 1606 quidem
870 1520 904 1585 in
928 1543 978 1605 re,
1004 1520 1033 1585 si
1052 1543 1190 1607 usquam
1211 1522 1301 1605 alibi,

227 1634 367 1700 admiror
384 1635 595 1720 sagacitatem
619 1643 798 1720 natumque
821 1634 863 1698 ad
886 1633 997 1698 literas
1014 1633 1185 1720 ingenium
1196 1636 1302 1700 homi-

227 1768 307 1811 num
328 1746 555 1825 Atticorum³;
580 1752 618 1812 ut
641 1747 727 1812 enim
752 1752 821 1811 tam
844 1746 973 1811 crebrae
997 1769 1148 1812 versuum
1162 1748 1302 1834 tragico-

227 1881 300 1924 rum
323 1859 523 1926 imitationes
547 1861 727 1946 placerent,
752 1860 1301 1946 necesseerutnonminusspecta-

164 2054 166 2057 Ι
229 1980 335 2039 torum
355 1995 452 2058 quam
475 1974 578 2059 ipsius
601 1979 715 2058 poetae
738 1972 853 2037 comici
877 1972 985 2036 animo
1009 1973 1255 2065 obversarentur
1267 1996 1304 2038 ea

228 2085 299 2152 loca
318 2108 413 2171 saepe
433 2087 489 2151 vix
510 2086 667 2152 notabilia
688 2091 722 2152 et
735 2083 883 2149 difficilia
903 2085 1038 2170 agnitu;
1052 2107 1128 2149 nam
1139 2107 1180 2150 ne
1190 2085 1303 2172 loquar

141 2223 143 2226 ·
228 2200 268 2264 de
280 2200 420 2266 mustela
431 2199 610 2267 efluctibus
621 2205 824 2284 emergente,
838 2221 920 2284 quae
932 2203 1041 2264 tantos
1057 2199 1161 2264 movit
1172 2189 1301 2264 cachin-

229 2334 288 2378 nos
303 2313 333 2396 ⁴,
357 2313 409 2379 vel
439 2315 479 2378 de
500 2313 614 2398 lingua
638 2312 812 2399 Hippolyti
831 2312 963 2397 jurante
986 2309 1048 2397 ἰδίᾳ
1068 2323 1124 2390 τῆς
1146 2317 1261 2401 φρενός
1275 2317 1302 2392 ⁵,

230 2425 339 2512 qualia
369 2446 514 2490 sermone
547 2423 660 2509 populi
672 2433 816 2520 recepta
842 2424 989 2490 abierant
1013 2425 1047 2488 in
1074 2425 1305 2510 proverbium⁶

230 2539 416 2625 neminique
439 2561 513 2625 ergo
529 2540 643 2625 ignota.
665 2562 735 2605 esse
750 2546 900 2625 poterant
909 2589 918 2625 ,
936 2545 1027 2605 -at
1040 2540 1210 2625 permultis
1224 2540 1302 2604 locis

230 2652 477 2737 Aristophaneis
510 2675 621 2720 versus
641 2653 816 2738 'Euripidis
839 2660 1019 2748 tanguntur
1040 2652 1124 2717 nihil
1143 2653 1303 2738 peculiare

231 2766 387 2831 habentes
408 2787 471 2852 quo
493 2767 661 2831 haererent
671 2765 875 2831 audientium
887 2767 1070 2832 memoriae.
1097 2766 1216 2832 sicum
1229 2765 1302 2832 istis

231 2885 300 2944 tarn
330 2885 499 2944 emunctae
525 2879 612 2944 naris
629 2879 864 2964 spectatoribus
884 2901 1108 2966 comparamus
1132 2871 1303 2944 hodiernos

231 2991 399 3074 hominen,
421 2995 570 3056 nostrum
588 2990 753 3056 saeculum
772 2991 929 3076 pristinae
949 2991 1049 3056 aetati
1069 2992 1189 3056 mirum
1201 3012 1304 3076 quan-

232 3113 303 3170 tum
339 3105 448 3170 cedere
482 3104 651 3170 fatendum
680 3111 738 3170 est.
762 3105 849 3170 Non,
865 3111 950 3170 stare
979 3114 1088 3190 posset
1107 3105 1218 3174 fabula
1241 3124 1304 3189 quo

231 3218 373 3284 vivimus
384 3224 528 3302 tempore
540 3218 574 3282 in
588 3239 651 3304 qua
662 3222 713 3282 tot
720 3217 785 3302 joci
798 3218 916 3283 eruditi
925 3225 1140 3298 occurrerent3
1153 3217 1303 3303 aequales

232 3330 336 3397 nostri
359 3339 397 3396 ut
419 3330 547 3395 rideant
563 3317 788 3415 ¹plaudentque
812 3330 909 3414 plane
921 3331 1001 3396 alios
1021 3331 1104 3397 sales
1123 3331 1301 3417 postulant.

672 3537 863 3552 WVWWNWV

280 3671 343 3736 Sed
366 3671 443 3736 haec
465 3670 630 3736 hactenus.
658 3671 742 3736 Loca
759 3670 951 3755 Euripiden,
969 3693 1050 3756 quae
1067 3669 1303 3754 Aristophanes
1366 3694 1368 3698 ·

234 3838 425 3847 *—

269 3955 275 3984 ¹
294 3956 381 4004 Horat.
398 3955 429 4004 ed
446 3953 547 4002 Pisones
565 3969 602 4004 vs.
619 3955 659 4006 47.

267 4043 333 4095 101.
349 4045 413 4093 Rau.
430 4057 467 4094 m.
487 4045 548 4092 1109
565 4042 634 4107 sqq.v

267 4134 277 4165 ³
294 4135 334 4186 cf.
350 4134 487 4185 Bernhard.
505 4135 521 4183 l.
537 4135 554 4184 1.
570 4149 628 4197 pag.
648 4136 693 4186 127
713 4139 738 4182 et
754 4135 803 4184 600
819 4147 854 4195 eq.

267 4221 278 4254 ⁴
296 4223 376 4275 Orest.
393 4238 431 4274 vs„
445 4224 511 4282 279,
524 4224 589 4274 Ran.
608 4238 643 4274 rs.
660 4224 717 4272 304.

267 4311 277 4343 ⁶
296 4311 371 4374 Hipp.
391 4327 425 4360 vs.
441 4312 505 4370 612,
520 4311 672 4374 Thesmoph.
689 4325 724 4357 vs.
740 4311 801 4369 276,
818 4311 881 4360 Rau.
899 4323 934 4356 vs.
955 4307 1001 4358 102
1017 4318 1042 4357 et
1059 4309 1128 4360 1471.

269 4401 355 4451 “Vid.
373 4417 387 4450 c
413 4417 437 4464 g.
448 4391 563 4452 'Socratis
579 4401 604 4449 in
624 4401 734 4450 Platonis
751 4399 873 4450 convivio
891 4399 967 4448 verbe
983 4414 1039 4463 pag.
1059 4400 1153 4450 loen:
1173 4399 1188 4459 ἡ
1204 4399 1305 4463 γλῶττα

238 4493 282 4540 οὐν
300 4491 432 4556 ὑπέσχετο,
451 4491 466 4552 ἡ
484 4492 508 4543 δὲ
527 4493 592 4557 φρήν
609 4491 645 4540 οὗ.
