3284 5338
665 975 839 1078 carun
861 1002 959 1076 vn.

428 1221 605 1268 EURIPIDES
627 1221 789 1268 TRAGIGAE
812 1223 1001 1269 DIGNI'I'ATIS
1024 1203 1197 1272 PEEDI'I‘OR.

717 1397 885 1410 ΜΧΝἏΛΛ

316 1538 510 1604 Accedimus
551 1537 593 1603 ad
617 1560 736 1604 novam
759 1540 1014 1622 accusationem,
1039 1542 1187 1627 quamvis
1213 1564 1287 1608 oum
1311 1566 1349 1608 oa
1383 1547 1384 1551 ’

264 1673 368 1738 ·quam
393 1658 558 1737 postremo
581 1652 651 1718 loco
675 1653 886 1719 tractavimus
909 1632 1230 1740 aroteconjunctam:
1252 1655 1349 1720 Euri-

270 1765 380 1852 pidem
423 1764 594 1852 infregisse
633 1765 829 1850 dignitatem
868 1789 981 1833 scenae
1023 1767 1173 1853 tragicae.
1237 1768 1349 1832 Primo

271 1879 389 1945 obtutu
411 1877 532 1944 mirum
554 1877 659 1943 videri
682 1877 789 1964 possit
812 1880 873 1946 hoc
895 1881 1030 1946 erimine
1054 1879 1174 1947 accersi
1208 1882 1347 1948 eundem

271 1997 401 2079 poetam
425 1991 477 2058 cui
490 1989 641 2076 objicitur
662 1991 766 2056 nimia
777 1991 836 2056 illa
854 2014 930 2058 cura
941 1992 1167 2078 philosophiae
1185 2000 1219 2060 et
1241 2015 1348 2060 rerum

272 2104 482 2188 sublimium,
518 2104 558 2169 de
591 2126 655 2190 qua
678 2104 804 2190 egimus
828 2111 913 2170 ante.
949 2105 1013 2172 Sed
1041 2112 1189 2172 accurate
1212 2105 1348 2172 investi-

271 2217 425 2304 gantibus
448 2216 636 2302 apparebit,
659 2221 829 2303 utramque
844 2217 975 2303 culpam
998 2238 1038 2283 err
1052 2219 1217 2284 communi
1232 2240 1347 2303 causa,

271 2331 427 2396 nimirum
461 2351 479 2394 e
513 2328 622 2394 studio
656 2327 831 2412 novitatis,
864 2330 1032 2395 commode
1065 2330 1220 2416 explicari
1243 2354 1348 2417 posse.

256 2431 448 2510 ¹Videamus
472 2443 551 2529 quid
573 2443 634 2508 hac
657 2442 697 2508 de
719 2465 753 2508 re
776 2441 1013 2529 Aristophanes
1037 2443 1166 2510 dixerit.

315 2556 534 2623 Acerbissime
567 2556 602 2620 in
626 2555 696 2641 ejus
719 2555 840 2622 fabulis
864 2547 959 2643 saepe
982 2556 1139 2644 Euripidi
1157 2559 1349 2644 exprobrata

199 2711 201 2714 -
271 2653 457 2737 invenimus
481 2693 518 2736 ea
541 2692 624 2757 quaa
647 2670 770 2736 comico
791 2669 984 2736 videbantur
997 2693 1072 2736 cum
1084 2672 1225 2758 tragicae
1237 2693 1348 2739 musae

270 2785 432 2872 dignitate
454 2806 609 2871 pugnare.
635 2785 675 2849 In
699 2784 801 2849 Ranis
824 2785 926 2850 iratus
949 2784 1132 2869 Aeschylus
1156 2784 1347 2871 Euripidem

271 2899 322 2964 his
345 2897 500 2984 conviciis
523 2897 702 2962 insectatur
726 2896 789 2981 (vs.
817 2899 878 2962 841
905 2898 989 2982 sq.):

318 3021 320 3025 ’
434 3013 472 3076 σὺ
494 3008 531 3086 δὴ
552 3011 595 3094 ’μὲ
616 3009 715 3083 τοῦτ’,
738 3013 762 3075 ὦ
786 3006 1143 3093 στωμυλιοσυλλεκτάδη

432 3121 480 3181 καὶ
500 3118 682 3201 πτωχοποιὲ
703 3119 752 3180 καὶ
772 3110 1083 3202 ῥακιοσυρραπτάδηὶ

271 3245 348 3303 mox
382 3237 445 3321 (vs.
483 3236 564 3323 846)
600 3235 700 3302 etiam
723 3235 910 3322 χωλοποιὸν
933 3255 1007 3299 eum
1031 3241 1132 3300 vocat
1160 3234 1246 3314 Quid
1269 3236 1347 3302 haec

180 3392 183 3400 ·
271 3351 334 3417 sibi
366 3349 470 3416 velint
493 3348 639 3434 epitheta
660 3369 777 3433 parum
800 3344 994 3431 honorifica,
1019 3347 1262 3433 explanandum
1285 3357 1344 3416 est,

317 3463 448 3531 Scilicet
470 3460 664 3546 Euripides,
688 3460 785 3534 modo
807 3464 1026 3545 spectatorum
1049 3460 1174 3527 animos
1204 3469 1348 3528 moveret
1384 3535 1388 3541 ⁸

271 3576 310 3643 de
344 3577 458 3643 decoro
496 3597 563 3641 non
600 3574 680 3640 satis
714 3571 894 3655 sollicitus,
930 3594 1025 3658 saepe
1062 3595 1120 3659 per
1148 3575 1348 3648 adminicula

270 3689 392 3775 pusilla
427 3695 461 3754 et
482 3689 573 3754 omni
599 3676 761 3774 gravitate
788 3685 933 3752 carentia
953 3687 1191 3754 misericordiae
1214 3710 1347 3754 sensum

270 3823 402 3867 evocare
434 3800 594 3867 studebat.
644 3800 835 3885 Oomplures
868 3800 981 3865 heroas
1019 3800 1055 3864 in
1089 3823 1219 3866 scenam
1252 3802 1347 3867 duxit

270 3915 507 3981 claudicantes:
533 3913 728 4000 Telephum,
756 3913 993 3996 Philoctetam,
1018 3911 1303 3998 Bellerophontem
1317 3919 1344 3991 1;

274 4109 320 4116 ..-
345 4109 520 4118 --·--——·—

279 4197 286 4214 ι
305 4231 311 4262 ¹
329 4231 455 4294 Euripidei
481 4229 681 4294 Bellerophontis
703 4229 830 4280 deridendi
853 4243 926 4278 causa
942 4229 1126 4293 Aristophanes
1143 4232 1281 4294 composuit
1298 4234 1345 4283 iui-

270 4321 331 4369 tium
349 4321 435 4379 Pacis,
453 4335 571 4384 perquam
588 4319 724 4379 ludicrum,
742 4320 783 4369 ubi
802 4318 932 4383 Trygeaus
949 4318 1049 4382 quidam
1070 4319 1232 4371 Atheniensis
1242 4335 1346 4386 apparet

270 4411 399 4460 marabaeo
415 4411 522 4459 insidens
538 4423 587 4472 quo
604 4409 676 4459 odeat
692 4407 836 4471 Olympum.
870 4408 926 4456 Vix
943 4407 1082 4457 mordacius
1099 4410 1230 4474 quicquam
1250 4418 1346 4474 poterat

270 4500 409 4564 excogitari
427 4515 499 4564 quam
518 4505 545 4546 ut
562 4497 673 4562 praepeti
691 4499 801 4561 Pegaso,
818 4499 858 4561 qui
876 4498 1016 4547 chimaerae
1034 4499 1155 4548 victorem
1172 4502 1241 4550 rexit·
1258 4516 1345 4551 versus
