3258 5328
822 491 862 552 68

309 676 512 742 damnandus
533 675 552 739 ¹.
598 673 803 740 Rhetorieam
828 672 918 736 illam
950 677 1052 737 artem
1084 693 1165 758 qnae
1196 671 1265 757 ejus
1294 677 1376 738 tem-

309 789 440 876 poribus
470 788 623 872 florebat,
656 787 786 852 etiamsi
815 807 880 851 non
910 784 1116 851 adhiberetur
1148 785 1190 851 ad
1222 785 1377 852 tuendam

310 903 481 990 injuriam,
505 903 547 968 ad
570 901 665 988 nigra
687 921 746 987 pro
769 898 871 982 albis,
897 921 994 966 curva
1010 922 1068 986 pro
1084 900 1197 984 rectis,
1214 921 1272 985 pro
1287 901 1378 986 puris

310 1037 426 1103 spurca
457 1012 673 1096 venditanda‚
697 1012 784 1078 inter
805 1010 928 1098 primas
952 1015 1062 1077 temen
1085 1033 1198 1077 causas
1221 1009 1378 1078 referebat

309 1131 427 1219 quibus
449 1127 557 1216 petria
578 1126 728 1212 civesque
749 1125 785 1191 in
808 1123 901 1212 pejus
924 1125 1188 1212 propellerentur.
1215 1124 1304 1193 Olim
1314 1125 1378 1190 mi-

310 1267 371 1310 nus
394 1243 526 1328 linguae
543 1239 688 1304 fidebant
702 1237 919 1304 Athenienses
932 1260 1029 1323 quam
1043 1237 1150 1304 robori
1162 1237 1377 1321 brachiorum,

308 1358 503 1444 palaestram
533 1353 643 1439 potius
672 1373 772 1439 quam
794 1351 961 1418 rhetorum
984 1351 1145 1418 auditoria
1166 1351 1376 1440 frequentan-

309 1479 358 1536 tes
372 1469 394 1534 ἐ.
442 1467 478 1534 Si
510 1467 566 1552 qui
589 1466 695 1532 adhuc
718 1466 909 1552 superstites
932 1470 1025 1532 erant
1048 1488 1066 1532 e
1089 1465 1167 1532 viris
1190 1467 1247 1553 qui
1268 1466 1379 1532 debel-

308 1584 416 1649 larent
438 1580 571 1663 Persas,
596 1580 631 1643 in
654 1577 725 1644 foro
747 1578 830 1643 nihil
854 1579 1006 1645 valebant
1021 1578 1174 1645 adversus
1190 1579 1378 1645 delicatulus

305 1695 441 1780 juvenes
465 1711 582 1757 novam
606 1695 710 1756 artem
733 1689 906 1756 oratoriam
929 1691 1085 1758 callentes
1101 1697 1128 1768 ³,
1152 1693 1378 1779 quoruminfi-

344 1886 352 1918 1
385 1852 458 1914 Quod
481 1866 530 1901 non
555 1850 644 1902 melius
668 1850 716 1900 dici
739 1859 819 1914 petest
843 1867 917 1916 quam
941 1851 981 1901 his
1005 1851 1084 1916 ipsius
1104 1853 1231 1917 Euripidis
1253 1853 1381 1904 versiculis

309 1942 410 2007 (fragm.
426 1943 476 1992 258
491 1941 593 2006 ngn,
609 1941 659 1992 255
675 1941 766 2001 Dind.;
784 1941 815 1993 ef.
831 1941 955 1990 Vslcken.
969 1940 1051 1992 Distr.
1067 1955 1124 2006 pag.
1139 1943 1212 2003 atet:

535 2030 637 2089 ἁπλοῦς
653 2030 667 2079 ὁ
683 2031 776 2095 μῦθος,
793 2032 829 2094 μή
845 2028 897 2095 λίγ’
914 2031 948 2080 ού·
966 2030 995 2080 τὸ
1012 2031 1061 2095 γὰρ
1077 2029 1158 2096 λέγειν

533 2122 560 2170 εὖ
576 2119 657 2170 δεινόν
674 2121 750 2182 ἐστιν,
768 2119 789 2169 εί
805 2118 875 2184 piper
890 2121 949 2169 τινὰ
964 2119 1078 2182 βλάβην.
1142 2177 1144 2180 ,

341 2209 352 2241 ²
384 2207 488 2261 Certum
515 2215 565 2268 est,
590 2208 735 2273 Euripidem
760 2207 855 2257 artibus
879 2207 1029 2271 palaestricis
1054 2223 1105 2258 non
1129 2208 1235 2258 multum
1259 2207 1379 2260 tribuisse.

310 2301 423 2351 Ducebat
443 2300 536 2349 ille-re
563 2300 588 2348 εύ
605 2303 707 2364 φρονεῖν
723 2303 838 2363 κρεῖσσον
854 2301 975 2363 καρτεροῦ
991 2298 1133 2364 βραχίονος
1150 2298 1222 2361 (conf.
1240 2297 1329 2361 fragm.
1349 2312 1382 2347 ex

309 2391 433 2454 Antiope,
450 2391 500 2439 204
515 2388 621 2452 Wagn„
642 2389 688 2438 199
704 2387 805 2451 Dind.);
823 2389 849 2436 in
865 2388 969 2439 athletas
986 2389 1076 2439 acriter
1092 2388 1217 2440 invehitur
1229 2388 1381 2438 versibusts

309 2494 370 2545 quos
386 2494 419 2529 ex
435 2479 562 2543 Autolyco
579 2485 688 2528 servatos
704 2477 846 2528 invenimus
860 2481 927 2543 apud
944 2479 1103 2531 Athenaeum
1113 2479 1149 2540 X,
1157 2478 1380 2543 peg.413(frsgm.

308 2571 355 2621 281
373 2570 473 2634 ngn,
489 2571 539 2620 284
555 2569 653 2631 Dind.):

535 2658 608 2709 οὐδὲν
624 2657 712 2707 κάκιόν
728 2658 795 2708 ἐστιν
811 2658 929 2720 ἀθλητῶν
945 2651 1043 2725 γένους,

536 2837 684 2903 ἐμεμψάμην
700 2836 725 2887 δέ
743 2839 784 2887 καί
802 2839 848 2887 τὸν
864 2837 993 2898 ‘nativus
1009 2841 1096 2904 νόμον,

536 2929 562 2978 οἳ
578 2926 652 2978 τῶνδ’
668 2927 737 2978 ἕκατι
752 2927 880 2993 σύλλογον
898 2930 1043 2994 ποιούμενοι

534 3017 621 3082 τιμῶσ’
638 3017 754 3083 ἀχρείους
771 3018 866 3078 ἡδονὰς
883 3017 967 3077 δαιτὸς
983 3019 1060 3084 χάριν
1077 3031 1124 3069 etc.

567 3197 662 3263 ἄνδρας
678 3199 725 3247 ὀὖν
741 3199 819 3262 ἐχρῆν
835 3197 930 3263 σοφούς
947 3216 973 3248 τε
989 3199 1116 3263 κάγαθούς

534 3287 640 3350 φύλλοις
655 3285 785 3350 στέφεσθαι
802 3295 848 3338 etc.

308 3375 358 3425 Hie
374 3375 508 3439 Euripides
523 3374 634 3424 imitatus
650 3383 688 3424 est
703 3375 865 3439 Xenophanis
879 3376 974 3437 locum,
990 3391 1063 3441 quem
1080 3377 1137 3442 lege
1147 3378 1214 3442 apud
1221 3377 1380 3429 Athenaeum

310 3464 368 3515 ibid.
386 3464 425 3516 Of.
440 3464 554 3515 Schoem.
571 3463 616 3515 Gr.
633 3464 744 3516 Alterth.
761 3465 797 3525 Π,
813 3473 871 3529 pag.
885 3468 926 3520 72.

342 3553 398 3601 Huc
428 3552 505 3601 etiam
535 3551 666 3600 referenda
697 3559 755 3602 sunt
781 3554 869 3603 acerbe
895 3554 959 3604 diets
985 3557 1015 3604 de
1040 3557 1218 3620 Spartsnarum
1243 3556 1380 3620 puellarum

224 3703 229 3709 .
309 3640 410 3705 παιδείᾳ
427 3652 489 3704 quse
505 3637 531 3688 in
548 3639 725 3690 Andromache
743 3639 826 3690 sabula
841 3641 968 3705 leguntur.
1002 3645 1067 3706 (Hoc
1082 3643 1170 3694 εεέοεια
1186 3658 1235 3694 non
1251 3645 1380 3696 sSocrete

308 3734 435 3792 acceperat
451 3726 595 3791 Euripides,
611 3728 662 3778 vid.
679 3729 743 3778 Plat
762 3730 825 3794 Rep.
842 3730 877 3788 V,
893 3745 950 3795 pag.
967 3734 1016 3785 457
1033 3734 1073 3783 B:
1088 3733 1101 3781 ὁ
1119 3733 1144 3784 δέ
1161 3734 1242 3798 γελῶν
1258 3734 1324 3799 ἀνὴρ
1337 3735 1378 3783 ἐπὶ

307 3825 416 3884 γυμναῖς
433 3817 559 3882 γυναιξί..
571 3848 593 3864 ..
615 3814 687 3866 οὐδὲν
703 3816 781 3866 οἶδεν.
852 3817 888 3883 ἐφ’
905 3816 927 3882 ᾦ
944 3820 1026 3885 γελᾷ.)

340 3907 397 3956 Νοο
420 3905 546 3954 immerito
570 3904 647 3968 igitur
667 3912 770 3965 statues,
787 3906 913 3970 Euripidis
930 3923 1026 3972 quoque
1043 3910 1155 3960 dramata
1171 3910 1198 3960 in
1214 3925 1288 3961 eausa
1303 3910 1379 3960 fuisse

307 4010 350 4044 cur
367 3996 455 4047 Justus
471 4002 554 4045 orator
570 3993 637 4043 Nub·¹
655 4008 692 4044 vs.
712 3996 776 4046 1052
791 4011 842 4060 sqq.
861 3997 995 4047 exclamet:

794 4084 864 4136 ταῦτ’
881 4087 946 4150 ἐστι’,
965 4087 1036 4138 ταῦτ’
1052 4073 1142 4151 ἐκεῖνα,

437 4177 454 4224 li
471 4178 522 4223 τῶν
538 4174 677 4222 νεανίσκων
692 4173 732 4225 αἐί
749 4173 779 4224 δι’
795 4174 891 4241 ἡμέρας
906 4177 1057 4226 λαλούντων

438 4264 531 4328 πλῆρες
548 4262 577 4312 τὸ
593 4261 734 4324 βαλανεῖον
751 4269 830 4326 ποιεῖ,
848 4266 924 4323 κενὰς
940 4265 966 4315 δέ
983 4268 1030 4324 τὰς
1046 4267 1217 4334 παλαίστρας.

342 4348 351 4381 ³
385 4350 497 4400 Acheru.
514 4367 549 4401 vs.
567 4355 616 4407 676
632 4369 695 4418 sqq.:

439 4441 461 4490 oi
479 4441 594 4508 γέροντες
611 4444 634 4492 oi
652 4445 758 4494 παλαιοί
774 4446 933 4510 μεμφόμεσθα
951 4447 984 4512 rp*
1000 4447 1080 4496 πόλει.

439 4532 467 4579 ού
485 4533 533 4595 γὰρ
551 4531 627 4590 ἀέίως
644 4533 745 4582 ἐκείνων
762 4531 798 4582 ὧν
814 4533 1025 4599 ἐναυμαχήσαμεν
