3284 5338
764 449 824 512 109

258 631 442 696 libertatem
476 632 612 697 antehac
649 631 850 717 incognitam
883 630 946 696 sibi
979 631 1132 714 asseruit,
1158 632 1331 718 stratisque

259 744 320 809 viis
340 741 461 808 relictis
485 765 584 808 novas
606 743 752 828 rhythmi
774 743 893 812 formas
915 744 1038 829 fingere
1064 765 1236 830 aggressus
1261 751 1331 828 est,

176 877 180 885 ·
259 856 316 921 sed
337 855 451 920 avibus
473 877 589 940 parum
613 856 772 921 secundis.
812 856 947 922 Cantica
968 855 1038 942 ejus
1062 879 1102 922 ex
1126 856 1234 940 parvis
1260 878 1331 921 ver·
1396 941 1398 946 Ι
1454 851 1457 857 “

259 967 370 1034 siculis
402 975 553 1034 constant
571 971 593 1052 ¹,
627 969 773 1035 brevium
796 970 987 1056 plerumque
1011 970 1210 1054 syllabarum
1232 967 1332 1034 refer-

259 1081 302 1146 tis
312 1087 337 1164 ²,
353 1085 387 1146 et
401 1079 586 1167 frequentes
603 1087 780 1146 metrorum
796 1081 1050 1166 permutationes
1070 1083 1256 1162 continent3
1273 1106 1332 1150 nec

259 1194 368 1259 minus
406 1193 439 1257 in
478 1194 680 1260 dimensione
720 1194 924 1280 singulorum
959 1202 1135 1261 metrorum
1169 1197 1333 1262 interdum
1417 1213 1418 1218 ’

259 1313 393 1392 apparet
425 1309 508 1373 mira
543 1308 756 1395 licentiaeque
792 1308 899 1374 vicina
930 1308 1068 1374 varietas
1101 1331 1331 1392 numerorum,

260 1426 297 1484 ut
333 1420 368 1484 in
402 1419 461 1485 illo
499 1442 583 1486 novo
613 1421 776 1488 schemate
811 1444 922 1488 versus
954 1421 1104 1508 glyconei
1140 1422 1227 1508 quod
1248 1424 1330 1488 Ran.

260 1555 306 1598 vs.
346 1536 430 1600 1322
466 1533 506 1598 ab
538 1534 700 1619 Aeschylo
734 1535 944 1622 excerpitur³
969 1541 1001 1600 et
1022 1534 1124 1601 veluti
1145 1540 1334 1619 portentum

261 1645 406 1748 Dionyso
430 1647 611 1713 notandum
635 1648 834 1734 designatur.

293 1819 433 1870 ¹Brevitas
458 1827 483 1870 et
506 1822 594 1871 levitas
610 1823 636 1870 in
651 1823 776 1888 rhythmis
796 1824 897 1873 comites
914 1823 951 1874 ire
968 1824 1055 1874 solent.
1090 1823 1232 1888 Aeschylus
1248 1832 1336 1874 contra

259 1911 409 1974 longissimis
425 1911 512 1960 metris
528 1913 665 1976 gaudebat,
679 1915 802 1963 deducens
821 1913 915 1963 cantica
931 1917 1089 1978 οχοινοτενῆ,
1107 1921 1135 1963 ut
1147 1921 1202 1962 utar
1216 1913 1335 1963 vocabulo

261 1999 394 2048 Pindarico
412 1999 512 2064 (fragm.
529 2001 623 2066 dithyr.
638 2003 689 2065 ab).

293 2085 472 2138 ’Creberrimi
497 2103 517 2138 c.
541 2104 567 2152 g.
592 2091 656 2153 apud
673 2077 737 2138 'eum
754 2098 813 2140 sunt
829 2104 914 2140 versus
931 2091 1069 2140 dochmiaci
1085 2092 1111 2139 in
1127 2103 1209 2139 meras
1226 2089 1333 2153 syllabas

261 2177 350 2226 breves
376 2177 461 2235 soluti;
487 2177 548 2226 duos
574 2177 640 2227 locos
661 2177 790 2240 subjiciam
809 2179 835 2227 in
851 2181 939 2244 quibus
955 2181 1096 2244 complures
1113 2179 1233 2244 ejusmodi
1248 2181 1335 2229 versus

261 2265 375 2329 deinceps
392 2267 524 2329 legunturz'
838 2295 849 2326 0
986 2265 989 2272 '

294 2354 376 2405 Oresa.
393 2370 429 2404 rs.
448 2357 494 2404 149
511 2371 576 2420 sqq.:

617 2449 709 2524 κάταγε
726 2447 819 2512 κάταγε
837 2447 933 2511 πρόσιθ’

616 2536 739 2601 ἀτρέμας,
758 2537 868 2602 ἀτρέμας
884 2538 929 2586 ἴθι.

615 2627 694 2692 λόγον
710 2627 808 2685 ἀπόδος
825 2626 860 2692 ἐφ’
879 2627 892 2676 δ
910 2645 934 2676 τι

616 2717 690 2783 χρέος
706 2717 805 2782 ἐμόλετέ
824 2736 895 2768 ποι-ε.

616 2807 705 2872 χρόνια
722 2810 770 2873 γὰρ
789 2805 873 2856 πεσὼν

619 2893 654 2944 ὅδ’
672 2895 809 2952 εὐνάζεται.

295 2981 391 3044 Quibus
408 2997 495 3032 versus
512 2986 662 3048 respondent
679 2985 726 3033 162
742 2997 805 3048 sqq.:

616 3072 701 3130 ἄδικος
718 3071 791 3121 ἄδικα
809 3071 859 3121 τότ’
877 3070 914 3134 ἄρ’

617 3162 705 3210 ἔλακεν
722 3160 810 3210 ἔλακεν
827 3160 897 3209 ἀπό-

616 3258 696 3314 φονον
713 3248 750 3297 δι”
768 3248 808 3297 ἐπὶ
826 3247 926 3313 τρίποδι

618 3336 721 3398 θέμιδος
739 3335 776 3401 ἄρ’
794 3335 890 3385 ἐδίκασε

616 3430 697 3489 φόνον
713 3423 727 3473 ὸ
743 3425 835 3482 Λοξίας

617 3516 679 3579 ἐμᾶς
694 3514 811 3579 ματέρος.

280 3605 385 3655 Helen.
402 3618 438 3655 vs.
455 3605 505 3654 694
521 3619 581 3668 sqq„
597 3617 673 3652 unam
689 3603 833 3667 productam
854 3601 975 3667 syllabam
991 3600 1013 3651 si
1029 3601 1153 3667 excipias,
1168 3617 1218 3652 una
1233 3612 1259 3654 et
1279 3619 1336 3668 qua·

263 3693 376 3757 draginta
390 3695 477 3743 breves
494 3692 682 3742 continuantur:

619 3783 659 3846 ἐμὲ
676 3779 702 3830 δὲ
720 3781 842 3847 πατρίδος
859 3780 912 3830 ἄπο

616 3875 779 3934 κακόποτμον
796 3870 892 3934 ἀραίαν

618 3959 695 4022 ἔβαλε
712 3959 767 4017 θεὸς
783 3957 837 4007 ἀπό
853 3976 879 4008 τε

619 4049 712 4105 πόλεος
728 4045 783 4097 ἀπό
799 4063 825 4094 τι
843 4045 925 4108 σέθεν,

620 4135 662 4185 bre
678 4133 791 4199 μέλαθρα
806 4131 883 4196 λέχεά
901 4131 921 4182 τ’

618 4226 709 4274 ἔλιπον
726 4224 755 4273 οὐ
773 4220 876 4272 λιποῦο’

621 4311 659 4361 ἐπ’
676 4311 790 4376 αἰσχροῖς
807 4310 906 4376 γάμοις.

296 4407 410 4457 Fortasse
435 4405 482 4454 huc
507 4402 615 4468 partinet
638 4400 789 4464 Thesmoph.
806 4414 842 4450 vr.
859 4400 908 4450 91³
924 4413 967 4464 sq„
984 4399 1014 4448 cf.
1032 4399 1096 4450 iufra
1112 4400 1139 4448 in
1155 4401 1234 4452 Catal.
1251 4407 1335 4466 pared.

296 4495 307 4528 ³
324 4493 462 4560 Περιβαικ
486 4494 505 4541 u
530 4477 622 4542 aaa
636 4490 744 4555 οιινας,
762 4498 791 4540 st
806 4503 852 4554 pro
869 4490 933 4550 sss,
950 4489 1062 4552 legitime
1077 4490 1139 4540 una
1156 4491 1257 4554 syllabis
1274 4507 1334 4541 con-
