3258 5328
849 435 892 494 20

332 620 480 686 Socrates
511 618 648 700 coleret,
680 619 823 684 Aethera
849 597 1011 684 'nimirum
1043 619 1226 706 Nubesque.
1277 623 1340 688 Sed
1363 623 1403 688 de

231 803 233 808 ,
331 733 371 797 iis
395 733 530 819 posthac
553 733 682 798 uberius
708 731 877 818 aliquanto
900 731 1174 817 erit‚dicendum,
1193 733 1403 800 ubiadaliud

331 846 474 930 crimen,
504 842 824 936 μετεωραδολεσχίας,
858 847 947 932 (pag.
975 849 1015 910 53
1041 846 1128 931 sqq.)
1152 847 1400 932 pervenerimus.

763 1051 931 1066 mm

493 1214 508 1296 ξ
534 1217 563 1279 2.
612 1213 755 1298 dejure
779 1210 1009 1296 Aristophanes
1032 1214 1077 1276 ita
1101 1215 1239 1278 senserit

379 1417 416 1484 Si
438 1416 508 1502 jam
533 1437 626 1502 roges
650 1437 714 1502 quo
732 1414 806 1500 jure
831 1413 1021 1500 Euripidem
1046 1414 1224 1499 impietatis
1249 1413 1406 1481 meuserit

335 1529 587 1615 Aristophanes,
611 1528 721 1614 negari
746 1549 811 1593 non
835 1533 960 1612 potest,
985 1548 1095 1592 revera
1117 1549 1191 1592 eum
1214 1527 1316 1593 fuisse
1329 1550 1406 1594 con·

335 1648 506 1708 temtorem
530 1641 684 1724 deorum,
709 1662 819 1706 eorum
843 1641 959 1706 saltem
975 1640 1107 1708 deorum
1124 1664 1203 1728 quos
1220 1642 1254 1707 in
1267 1641 1406 1728 Olympo

335 1760 520 1824 habitantes
555 1781 572 1824 e
606 1756 810 1844 mythologie
834 1763 951 1822 norant
975 1756 1118 1824 Graeci(
1153 1757 1330 1842 Postquam
1356 1777 1420 1819 se-·

335 1873 401 1937 mel
427 1873 570 1958 cogitare
593 1878 628 1937 et
650 1871 817 1956 disputare
840 1870 1005 1955 inceperat
1027 1867 1067 1933 de
1091 1868 1131 1932 iis
1155 1866 1405 1950 narrationibus,

335 1987 454 2070 partim
477 1985 631 2072 poeticis,
655 1985 777 2071 partim
800 1983 964 2068 mysticis,
990 2003 1072 2069 quae
1094 2002 1151 2065 per
1174 1980 1269 2064 plura
1280 1979 1408 2045 saecula

333 2102 523 2167 coaluerant
537 2101 571 2165 in
595 2098 774 2167 doctrinam
799 2098 961 2184 quandam
987 2095 1201 2181 theologicam
1215 2106 1237 2176 ¹,
1262 2116 1326 2158 non
1350 2115 1408 2179 po·

335 2221 421 2280 terat
448 2214 529 2302 quin
560 2215 596 2279 in
629 2212 699 2278 dies
732 2213 837 2297 magis
871 2211 964 2276 fieret
986 2208 1188 2292 incredulus,
1213 2221 1245 2273 et
1269 2207 1408 2293 denique

335 2332 440 2392 totam
468 2327 658 2413 religionem
683 2349 703 2392 a
725 2326 873 2412 patribus
897 2331 1079 2412 acceptam,
1105 2344 1179 2389 cum
1204 2322 1334 2387 usitatis
1355 2345 1408 2387 sa-

337 2437 414 2522 cris,
439 2438 573 2504 haberet
593 2460 652 2525 pro
675 2438 818 2504 absurda
841 2437 1091 2523 superstitione,
1116 2443 1149 2502 et
1172 2437 1223 2501 vel
1244 2435 1409 2501 dubitaret

336 2551 448 2617 audii
474 2552 608 2619 omnino
632 2562 749 2621 essent.
800 2552 872 2618 Non
898 2553 982 2618 male
1006 2552 1111 2636 possis
1136 2571 1319 2635 comparare
1339 2549 1408 2614 cul-

336 2673 409 2751 tum
432 2665 528 2736 illum
548 2667 679 2733 deorum
693 2691 767 2734 cum
778 2675 908 2734 vetusta
920 2669 1032 2750 domo,
1047 2688 1138 2754 quae,
1151 2665 1229 2730 dum
1242 2663 1406 2730 abstineas

336 2799 472 2863 manns,
496 2776 683 2874 etiamnunc
706 2780 762 2846 diu
775 2780 977 2865 possitstare
988 2786 1021 2845 et
1034 2779 1086 2844 vel
1098 2778 1193 2842 firma
1202 2777 1303 2842 videri
1314 2799 1407 2862 prae-

337 2891 556 2970 tereuntibus3
575 2891 626 2957 sin
645 2892 909 2958 intromittuntur
921 2914 1035 2977 operae
1048 2891 1103 2978 qui
1120 2891 1172 2955 hic
1183 2889 1251 2954 illic
1263 2889 1406 2975 aliquam

337 3013 481 3088 partem,
513 3004 689 3070 fenestram
707 3005 885 3091 januamve
908 3005 959 3071 vel
980 3005 1141 3086 imbrices,
1165 3002 1353 3068 examinent
1376 3012 1409 3065 et

337 3118 456 3184 vitiosa
478 3119 668 3201 emendent,
692 3120 825 3185 admota
848 3141 935 3185 serra
949 3127 982 3184 et
994 3117 1096 3183 securi
1108 3137 1184 3181 mox
1197 3116 1300 3200 liquet
1311 3114 1407 3199 plura

339 3253 409 3296 esse
434 3232 598 3315 tollenda,
622 3233 739 3297 deinde
763 3232 826 3318 ipsi
849 3232 935 3297 muri
956 3232 1141 3314 labascunt,
1167 3230 1298 3296 tandem
1323 3228 1409 3312 opti·

338 3365 429 3408 mum
452 3343 580 3410 videtur
602 3353 704 3410 totam
728 3345 957 3411 domunculam
983 3345 1052 3410 solo
1074 3366 1218 3430 aequare.

384 3455 492 3536 Quum
523 3467 633 3522 autem
666 3457 839 3543 Euripides
870 3458 969 3524 simul
1003 3458 1038 3522 in
1062 3461 1275 3542 Anaxagorae
1300 3455 1410 3521 schola
1500 3453 1504 3458 ’

338 3589 468 3654 operam
502 3568 645 3634 dedisset
675 3569 769 3635 rebus
804 3569 963 3654 physicis,
993 3571 1053 3636 hoc
1076 3570 1174 3635 ctiam
1199 3569 1267 3654 egit
1290 3576 1328 3634 ut
1350 3590 1408 3633 na-

338 3681 476 3748 turalem
511 3672 677 3769 quaereret
710 3683 959 3768 explicationem
992 3685 1177 3750 fabularum
1211 3681 1408 3767 mythologi-

338 3817 464 3879 carum,
488 3817 552 3882 quo
575 3795 696 3861 sactum
722 3807 772 3862 cst
795 3805 833 3862 ut
855 3797 943 3882 ipsos
958 3771 1035 3864 deos
1051 3820 1124 3863 cum
1138 3798 1260 3862 viribus
1274 3805 1407 3860 naturae

425 3972 531 4037 Dionys.
565 3974 599 4021 ἴθι
615 3972 645 4032 ’δὴ
663 3973 803 4038 προςιύχου
821 3979 902 4023 τοῖσιν
919 3971 1028 4033 ἰδιώταις
1046 3975 1120 4032 θεοῖς.

424 4061 488 4111 Beer.
562 4059 650 4126 αἰθὴρ,
667 4061 729 4125 ἐμὸν
745 4061 877 4126 βόσκημα,
895 4064 936 4111 aul
953 4064 1067 4127 γλώττης
1084 4062 1203 4128 στρόφιγξ
1208 4099 1214 4120 ,

368 4142 372 4150 ’
563 4152 604 4200 καὶ
622 4150 705 4207 divana
722 4153 763 4199 καὶ
779 4155 901 4216 μυκτῆρες
919 4151 1111 4218 ὀσφραντήριοι,

565 4241 643 4305 ὀρθῶς
659 4240 684 4304 μ’
701 4240 812 4306 ἐλέγχειν
828 4239 864 4290 ὧν
881 4243 914 4291 ἂν
931 4242 1049 4306 ἅπτωμαι
1066 4243 1157 4306 λόγων.

371 4329 380 4360 ¹
399 4329 435 4380 Ut
458 4329 524 4394 apud
548 4331 678 4396 Blatonem
701 4331 761 4381 dicit
782 4332 947 4382 Adimantus:
965 4332 1012 4380 “de
1028 4330 1077 4378 diis
1094 4330 1138 4378 οὐκ
1155 4330 1265 4378 ἄλλοθεν
1281 4330 1352 4394 ῖσμεν
1369 4330 1409 4376 καὶ

337 4419 494 4483 “ἀιιηιτόιιμιν
519 4419 578 4479 riis
596 4439 620 4469 τε
642 4427 693 4470 τῶν
710 4422 794 4486 λόγων
811 4423 851 4470 καὶ
870 4426 920 4470 τῶν
938 4421 1179 4484 γενεαλογησάντων
1198 4419 1334 4478 ποιητῶν.““
1364 4419 1409 4467 ,De

340 4510 401 4571 licp.
419 4508 446 4557 II
463 4523 519 4572 pag.
536 4509 586 4559 ³65
603 4511 635 4558 Ε.
