3258 5328
834 497 853 554 4

310 685 359 743 ret
384 700 441 764 pro
466 679 541 744 novi
561 679 632 744 aevi
655 677 773 766 studiis
795 683 829 742 et
852 677 1115 762 autiquacuucta
1132 675 1340 762 impugnaret
1357 679 1379 758 ¹,

310 803 367 865 per
400 781 506 867 legem
530 781 622 846 illam
650 786 814 846 aeternam
835 779 933 844 modo
965 783 1249 844 commemoratam
1276 779 1382 845 effecit

309 889 348 949 ut
374 886 473 951 etiam
504 891 650 972 surgeret
675 883 910 968 Aristophanes
929 883 952 966 ',
980 883 1037 969 qui
1058 887 1198 947 veterem
1220 882 1381 949 πολιτείαν

311 988 484 1054 Soloneam
514 988 648 1076 ejusque
676 987 845 1073 opiniones
878 986 1031 1052 adversus
1055 1007 1109 1051 eos
1131 984 1187 1072 qui
1209 1007 1308 1051 novas
1329 1008 1380 1051 res

309 1091 501 1157 molirentur
523 1091 717 1157 defenderet.

355 1194 404 1260 De
424 1195 489 1260 ista
509 1217 630 1280 pugna,
655 1194 683 1260 si
706 1195 791 1260 veris
813 1193 1000 1258 nominibus
1022 1193 1099 1258 ficta
1123 1192 1319 1258 substituere
1339 1192 1379 1256 li-

245 1279 249 1289 ’
309 1301 371 1381 cet,
392 1296 466 1382 jure
489 1297 668 1382 praedicari
690 1302 799 1383 potest
826 1297 930 1362 verbis
949 1295 1107 1361 Maronis:
1135 1295 1305 1362 Certamen
1319 1296 1380 1361 erit

311 1400 460 1484 Corydon
483 1422 557 1466 cum
580 1401 735 1486 Thyrside
755 1421 921 1486 maguum.
958 1399 1031 1464 Non
1057 1399 1127 1464 leve
1152 1407 1236 1465 certe
1253 1399 1379 1485 pondus

310 1502 401 1567 addit
422 1502 625 1569 dimicationi
645 1504 814 1589 utriusque
834 1503 1000 1588 promachi
1023 1502 1199 1586 claritudo,
1224 1504 1379 1588 utmagis

310 1606 511 1672 attendimus
545 1607 573 1672 si
602 1607 748 1673 Achilles
783 1627 857 1671 cum
885 1606 1025 1671 Hectore
1057 1614 1114 1671 est·
1131 1627 1378 1691 congressurus,

308 1731 407 1795 quam
431 1708 488 1774 ubi
516 1709 556 1775 de
576 1709 837 1795 Myrmidonibus
858 1709 1042 1794 gregarium
1068 1708 1207 1773 militem
1231 1709 1379 1774 videmus

309 1814 343 1876 iu
369 1811 542 1898 Trojanum
572 1813 759 1899 quempiam
791 1811 920 1877 irruere.
969 1811 1082 1896 Neque
1105 1811 1139 1874 in
1162 1809 1300 1895 ignobili
1322 1833 1379 1897 pa-

307 1916 427 1980 laestra
448 1923 610 1981 certamen
632 1915 689 1980 fit:
714 1937 772 2001 pro
794 1936 891 1980 arena
913 1920 964 1979 est
987 1913 1240 1980 Atheniensium
1251 1914 1377 1996 civitas,

308 2040 372 2105 quo
393 2025 537 2104 tempore
560 2019 601 2084 ad
621 2019 729 2106 ipsum
754 2039 831 2084 suae
853 2016 975 2104 gloriae
997 2015 1167 2102 fastigium
1191 2026 1380 2102 pervenerat

308 2128 341 2186 et
358 2121 428 2207 jam
452 2124 486 2187 in
510 2123 664 2208 abyssum
688 2122 858 2208 vergebat,
883 2121 919 2185 in
940 2141 1057 2206 quem,
1085 2141 1149 2206 quo
1176 2119 1275 2184 altius
1298 2121 1376 2184 emim

306 2230 440 2309 nuerat,
465 2247 502 2291 eo
525 2226 671 2312 graviore
694 2246 771 2290 casu
793 2245 871 2288 mox
889 2231 958 2287 erat
981 2222 1159 2308 delapsum.

352 2328 475 2394 sedne
497 2328 628 2414 regulae
651 2327 863 2392 Horatianus:

441 2433 530 2496 “non
553 2431 599 2496 sic
622 2430 775 2516 incipies:
806 2429 943 2495 cantabo
967 2429 1076 2494 nobile
1098 2428 1243 2494 bellum”

306 2534 426 2600 oblitus
458 2555 529 2600 esse
556 2534 678 2618 videar,
711 2534 845 2598 verbum
875 2554 940 2597 non
963 2533 1081 2598 addam
1114 2555 1177 2618 quo
1209 2555 1377 2599 monoma-

305 2637 412 2703 chiam
433 2659 533 2723 quam
558 2659 630 2703 sum
655 2637 874 2722 descripturus
897 2635 1072 2718 extollam,
1104 2657 1145 2701 nc
1166 2642 1242 2722 post
1265 2637 1377 2702 erube·

306 2761 413 2822 scam,
448 2739 635 2806 admonitus
665 2739 762 2825 hujus
792 2760 919 2825 quoque
946 2738 1026 2804 dicti
1055 2738 1242 2804 Horatiani:
1275 2740 1377 2826 “quid

305 2848 398 2908 tanto
418 2841 512 2908 hiatu
534 2842 673 2929 dignum
697 2842 848 2908 tulisti?'’
897 2841 1063 2908 Disseram
1086 2842 1126 2908 de
1146 2841 1375 2928 Aristophane,

306 2968 414 3012 severo
439 2947 607 3034 Euripidis
625 2947 755 3033 judice,
782 2967 839 3032 pro
862 2967 932 3010 mea
952 2945 1376 3029 virilizveniam,siminus

305 3052 509 3137 satisfecero,
542 3052 582 3117 ab
615 3051 727 3138 aequis
758 3050 949 3135 lectoribus,
980 3051 1098 3136 quibus
1125 3051 1171 3116 rei
1201 3049 1376 3116 difficultas

305 3164 355 3220 est
378 3156 524 3241 cognita,
552 3155 784 3241 impetraturus
808 3163 847 3220 ut
870 3175 963 3239 spero
985 3153 1156 3238 majorem,
1180 3175 1278 3240 quam
1300 3153 1376 3218 huic

304 3258 344 3322 ab
368 3256 425 3322 illo
449 3278 592 3344 unquam
616 3257 680 3323 fuit
705 3279 865 3323 concessa

336 3481 344 3512 ¹
377 3483 446 3532 Bene
470 3497 522 3531 rem
548 3483 676 3545 perspexit
699 3481 872 3532 Bernhardius
898 3481 998 3532 Gricch.
1021 3481 1099 3530 Liter.
1116 3481 1153 3536 ΙΙ,
1169 3481 1186 3529 2
1202 3496 1258 3544 pag.
1276 3483 1325 3531 396
1342 3483 1376 3544 (et

302 3561 426 3626 saepiam:
461 3561 608 3624 “Euripides
625 3561 658 3610 ist
673 3560 777 3610 Dichter
795 3562 846 3609 und
866 3560 952 3624 Organ
970 3562 1014 3610 der
1031 3559 1215 3612 Ochlokratic.”

335 3639 346 3671 ²
378 3642 449 3692 Idem
466 3657 521 3706 pag.
539 3643 600 3694 579:
621 3642 674 3690 odie
691 3643 740 3691 alae
757 3641 881 3690 Komiidia
894 3643 964 3690 stand
974 3643 1024 3690 und
1033 3640 1075 3689 fiel
1084 3641 1129 3689 mit
1138 3641 1182 3689 der
1190 3639 1375 3692 Ochlokratie.”

332 3721 403 3770 Libri
430 3721 504 3785 hujus
520 3729 602 3784 'saepe
628 3721 706 3770 adhuc
731 3721 846 3770 laudandi
872 3721 974 3784 paginas
1000 3721 1077 3769 citabo
1104 3735 1137 3770 cx
1165 3720 1272 3770 editione
1290 3722 1375 3781 ,tertia

299 3802 360 3848 anni
380 3801 449 3854 1872.
