3258 5328
745 464 784 524 19

227 647 373 734 Denique
408 649 441 712 in
475 647 604 712 fabulae
638 647 703 710 lino
746 614 855 712 llubes
901 646 946 714 sio
984 645 1143 732 plaudunt
1180 647 1306 713 rustico·

223 761 382 825 crementi
405 763 441 826 τὸ
463 763 706 848 φροντιστήριον
731 759 890 825 Socratis:

425 871 513 939 δίωκε
534 870 643 959 βόλλε
664 880 749 942 παῖε,
773 871 909 938 πολλῶν
931 874 1057 946 οὕνεκα,

423 977 559 1060 μάλιστα
581 974 607 1043 δ’
629 973 719 1053 εἰδὼς
743 983 818 1054 τοὺς
841 976 931 1052 θεοὺς
959 979 1003 1052 ὡς
1024 976 1161 1054 ἠδίκουν·
1186 979 1194 1016 ¹

269 1082 341 1146 Non
366 1091 484 1148 temere
504 1087 614 1148 autem
639 1102 690 1144 me
712 1086 845 1165 putare,
869 1080 947 1146 haee
971 1081 1081 1146 omnia
1104 1082 1144 1147 de
1168 1082 1298 1148 Socrate

223 1196 312 1260 dieta
338 1195 435 1260 eiiam
467 1194 508 1259 ad
541 1193 610 1278 ejus
637 1191 891 1276 admiratorem⁹
912 1194 1104 1280 Euripidem
1123 1195 1296 1280 pertinere,

222 1308 345 1394 optime
369 1307 540 1394 apparebit
561 1308 590 1372 si
613 1306 817 1373 conferamus
840 1309 1020 1374 notabilem
1037 1309 1144 1376 locum
1168 1309 1297 1374 inThe-

223 1421 528 1506 smophoriazusis³‚
561 1419 617 1484 ubi
642 1420 712 1504 ipse
733 1420 907 1506 Euripides
935 1422 1131 1488 nominatim
1154 1422 1294 1488 insimu-

223 1535 309 1600 latur
333 1533 491 1622 ἀσεβείας,
515 1556 615 1620 quum
640 1535 724 1598 inter
747 1533 812 1598 alia
833 1533 873 1599 de
895 1555 932 1599 eo
956 1534 1101 1600 dieat-ur:

422 1651 497 1722 τοὺς
519 1644 638 1734 ἄνδρας
660 1647 860 1711 ἀναπέπεικεν
882 1647 937 1712 οὐκ
960 1646 1037 1711 εἶναι
1060 1646 1161 1723 θεούς·

225 1754 263 1816 ln
299 1752 400 1816 Ranis
438 1751 630 1836 Euripides,
669 1750 808 1815 initurus
844 1757 1008 1817 certamen
1033 1751 1200 1837 poeticum
1223 1774 1297 1816 oum

224 1865 407 1948 Aeschylo,
445 1887 510 1929 non
546 1863 618 1928 vult
650 1863 827 1930 sacrificare
859 1864 922 1930 diis
956 1865 1091 1951 patriis,
1119 1866 1176 1932 sed
1200 1887 1297 1951 quos-

223 1980 298 2044 dam
345 1979 409 2044 sibi
450 1977 593 2062 privatos
637 1977 754 2041 habere
798 1975 969 2060 profitetur
985 1982 1008 2060 ⁴,
1046 1977 1176 2043 eosdem
1215 2000 1296 2062 quos

232 2175 447 2182 --Ἥ

258 2267 356 2326 ¹Quae
381 2266 467 2325 verba,
494 2267 518 2314 in
544 2268 614 2316 exitu
640 2267 738 2316 fabulae
760 2267 850 2330 posita,
868 2280 985 2329 magnam
1003 2265 1094 2314 habere
1111 2263 1232 2312 debebant
1248 2263 1301 2326 vim

223 2359 253 2404 od
280 2355 481 2418 philosophorum
508 2356 591 2404 odium
621 2357 710 2405 animis
737 2356 897 2404 audientium·
915 2354 1096 2413 instillandum,
1129 2363 1157 2402 ut
1189 2352 1221 2403 G.
1237 2354 1301 2403 Her-

224 2461 330 2494 monnus
347 2460 404 2494 vere
422 2445 569 2494 observavit.
654 2459 666 2472 ⁴

256 2533 267 2565 ²
284 2534 416 2597 Euripides
432 2545 535 2584 vocatur
551 2535 648 2584 auditor
664 2535 773 2586 Socratis
790 2536 816 2582 in
835 2536 963 2584 Ranarum
980 2533 1034 2581 loeo
1046 2515 1161 2582 vssiiai
1181 2545 1241 2594 sqq„
1258 2531 1301 2592 qui

223 2624 333 2672 eontinet
365 2625 490 2687 epitomen
518 2623 606 2687 judieii
632 2625 697 2687 quod
725 2623 831 2672 comicus
857 2624 887 2671 de
912 2621 967 2682 ejus
993 2622 1124 2669 virtutibus
1149 2619 1252 2683 poeticis
1277 2627 1302 2666 et

224 2713 400 2776 philosophicis
418 2714 525 2762 ferebat:

548 2805 634 2867 χάριεν
652 2803 712 2865 οὖν,
729 2804 765 2867 μή
782 2802 905 2866 Σωκράτει

548 2891 760 2955 παρακαθήμενον
776 2890 881 2949 λαλεῖν,

548 2979 720 3042 ἀποβαλόντα
736 2978 867 3042 μουσικήν,

546 3069 578 3118 τό
596 3086 621 3117 τε
638 3068 741 3132 μέγιστα
759 3067 940 3130 παραλιπόντα

546 3161 593 3217 ric
609 3157 764 3222 redivivis
781 3154 879 3218 τέκνον.

547 3249 576 3296 τὸ
593 3245 613 3295 δ’
630 3247 671 3296 ἐπὶ
689 3249 817 3309 σεμνοῖσιν
832 3245 931 3309 λόγοισι

547 3336 587 3384 καὶ
606 3338 798 3400 σκαριφησμοῖσι
814 3333 899 3398 λήρων

544 3423 679 3488 διατριβὴν
696 3423 776 3486 ἀργὸν
794 3422 932 3480 ποιεῖσθαι,

550 3515 775 3579 παραφρονοῦντος
793 3510 894 3576 ἀνδρός.

257 3604 268 3636 ³
286 3604 436 3668 Thesmoph.
455 3618 491 3652 vs.
509 3604 648 3652 iia-452.

257 3695 269 3726 ⁴
287 3696 379 3744 Ranar.
397 3709 433 3743 vs.
450 3694 500 3742 888
516 3707 575 3754 sqq.:

314 3785 419 3847 Dionys.
452 3781 488 3830 ἴθι
503 3799 551 3830 νον
567 3780 652 3836 ἐπίθες
669 3777 700 3836 δὴ
717 3778 759 3825 καὶ
777 3777 806 3824 σὺ
825 3773 981 3836 λιβανωτόν.

912 3863 976 3911 Eur.
1011 3862 1094 3918 καλῶς
1112 3859 1135 3922 *‚
1221 3888 1223 3893 ·

453 3959 530 4026 ἰ’περοι
547 3960 594 4024 γάρ
612 3958 674 4006 εἰσιν
691 3957 758 4005 οἶσιν
774 3955 879 4017 εὔχομαι
897 3953 971 4008 θεοῖς.

314 4053 420 4115 Dionys.
453 4049 512 4098 ἴδιοί
529 4066 594 4105 τινες
611 4048 665 4108 σοι’,
683 4048 765 4110 κόμμα
784 4042 885 4099 καινόνς

846 4132 909 4181 Eur.
942 4131 982 4178 καὶ
999 4127 1078 4192 μάλα.

1134 4241 1136 4246 ,
1178 4215 1283 4277 Dionys.

254 4391 266 4418 ¹¹
286 4391 310 4430 id
330 4394 362 4430 est
382 4391 475 4438 ὸιοίοοε,
493 4398 534 4429 uon
547 4392 601 4428 viar.
628 4387 676 4428 Vidi
696 4385 803 4427 Friseiilini
823 4384 937 4424 verdunum
952 4381 972 4420 in
986 4381 1069 4420 Kusteri
1082 4378 1183 4426 ediusus,
1198 4361 1308 4451 quiscum⁸

228 4469 267 4507 hoe
283 4477 328 4504 non·
344 4467 477 4512 intelligeret,
493 4467 595 4514 perplacet
612 4464 730 4510 mutando,
749 4463 808 4510 piane
821 4459 945 4499 muudum
959 4456 1050 4504 procudit
1063 4463 1152 4492 sensum.
1181 4449 1306 4491 Emendavi&

228 4551 299 4582 runnu
313 4545 412 4581 Kusterus
425 4543 446 4577 in
460 4542 599 4585 annotatione.
612 4539 691 4579 collaris
706 4537 797 4575 versibus
811 4534 847 4573 508
861 4537 882 4572 et
895 4533 939 4572 512.

259 4607 261 4612 .
1126 4605 1145 4664 2
1155 4602 1172 4636 ἱ
