3258 5328
641 1015 815 1092 OAPUT
848 1016 904 1089 Il.

598 1185 770 1232 nunrrrnns
809 1154 955 1252 ἄθεος,

688 1355 855 1369 ΝΜ

377 1473 391 1555 i
420 1476 447 1537 1.
499 1473 585 1554 Quid
605 1475 834 1560 Aristophanes
856 1475 914 1540 lroo
936 1474 974 1539 de
993 1497 1028 1538 re
1050 1475 1176 1541 dixerit.

287 1768 398 1834 Primo
435 1770 506 1835 loco
544 1769 579 1833 in
618 1791 751 1836 censum
788 1770 879 1836 venit
914 1770 1093 1854 impietatis
1134 1769 1313 1852 accusatio,

243 1881 389 1948 omnium
415 1883 618 1969 gravissima.

288 1995 363 2059 Non
395 1996 549 2081 exiguum
579 1995 723 2080 profecto
756 1996 877 2060 crimen
910 2000 996 2078 erat,
1025 1995 1054 2061 si
1077 1995 1151 2081 quis
1173 1994 1314 2061 Athenis

244 2108 316 2174 istis
340 2109 539 2195 temporibus
564 2107 714 2196 ἀσεβείας
729 2107 982 2174 insimularetur.
1009 2107 1166 2173 Damnati
1182 2109 1313 2174 Anama-

242 2243 355 2306 goras,
385 2220 561 2308 Diagoras,
585 2221 661 2304 alii,
686 2221 793 2288 solum
816 2221 971 2287 vertendo
994 2222 1049 2286 vix
1073 2228 1211 2287 mortem
1233 2220 1315 2288 effis-

241 2341 372 2420 gerant3
400 2335 543 2402 Socratis
560 2335 758 2421 supplicium
773 2357 850 2400 mox
865 2335 1078 2420 probaturum
1093 2341 1172 2418 erat,
1185 2334 1315 2400 laudem

242 2446 391 2532 pictatis,
422 2468 487 2534 qua
518 2448 736 2514 Athenienses
759 2449 995 2534 gloriabantur,
1019 2450 1060 2515 ab
1085 2449 1126 2514 iis
1151 2454 1315 2514 servatum

244 2561 295 2624 iri¹
309 2561 422 2647 quovis
447 2562 560 2646 modu,
584 2562 636 2627 vel
660 2583 717 2648 per
740 2561 883 2627 tribunal
899 2569 931 2627 et
946 2562 1088 2628 cicutam
1103 2564 1123 2628 ¹.
1152 2561 1317 2627 “Tantum

243 2673 358 2760 religio
381 2675 491 2760 potuit
514 2676 648 2741 suadere
670 2675 900 2742 maloruml'’²

291 2787 404 2867 Qualis
436 2809 509 2854 vero
542 2794 611 2854 erat
642 2788 700 2854 illa
722 2789 844 2873 pietas,
868 2811 965 2874 quam
989 2788 1208 2854 Athenienses
1232 2788 1317 2852 tanti

245 2902 407 2968 faciebant
437 2907 475 2966 ut
497 2902 582 2966 inter
604 2901 794 2988 blanditias,
820 2901 938 2988 quibus
962 2907 1075 2987 poetae
1099 2907 1316 2986 spectatorum

245 3015 370 3081 animos
403 3014 545 3081 delenire
576 3014 764 3097 studerent,
796 3014 1050 3080 usitatissimum
1079 3020 1164 3080 esset
1186 3014 1317 3080 laudare

244 3127 403 3216 εὐσέβειαν
426 3126 557 3193 Atticae
580 3127 722 3192 civitatis
736 3127 772 3191 ³?
801 3127 987 3192 Fatendum
1008 3132 1075 3209 est,
1093 3126 1120 3192 si
1136 3126 1316 3193 accuratius

244 3242 405 3328 inquiras,
438 3240 494 3306 vix
517 3239 691 3327 quicquam
713 3245 841 3325 praeter
863 3261 990 3305 cassam
1014 3261 1131 3306 nucem
1154 3240 1314 3307 inveniri:

243 3359 372 3420 vetusta
395 3352 572 3437 solemnia,
596 3353 812 3439 praescriptos
835 3353 936 3437 ritus,
961 3353 1106 3418 carmina
1128 3353 1228 3419 sacris
1245 3374 1316 3419 ver-

242 3467 294 3532 bis
317 3473 489 3553 concepta,
515 3466 706 3552 fabulasque
729 3466 918 3553 permultas.
958 3466 1046 3531 Hinc
1071 3466 1122 3532 vel
1145 3466 1316 3532 minimam

244 3581 410 3647 detrahere
428 3581 634 3665 particulam,
649 3581 754 3647 scelus
764 3581 956 3648 censebatur
965 3606 974 3658 ;
988 3581 1045 3644 sed
1061 3580 1316 3667 quotusquisque

1365 2895 1380 2934 ἱ

277 3742 285 3772 ¹
303 3743 389 3793 nomn
406 3743 444 3793 los
460 3743 583 3807 Apbtres,
599 3757 656 3807 pag.
673 3744 734 3794 314:
760 3742 799 3792 “Il
815 3757 847 3792 no
863 3741 916 3790 faut
932 3755 975 3805 pas
985 3740 1113 3800 l'oublier,
1124 3739 1238 3791 Atbbnos
1250 3742 1317 3790 avait

245 3831 303 3880 “bel
318 3841 344 3880 et
359 3832 416 3880 bien
432 3831 601 3895 l'inquisition.
619 3833 666 3882 nes
682 3832 770 3889 dieux,
787 3832 829 3895 qu'
845 3831 1015 3894 Aristophane
1030 3832 1141 3881 basoueit
1153 3847 1195 3881 sur
1205 3831 1317 3892 lisano,

243 3921 355 3970 “rualem
380 3919 542 3984 quolqnefois.
576 3921 611 3970 Ils
637 3920 735 3971 tuerent
760 3921 877 3978 Socrate,
904 3921 933 3970 ils
961 3920 1080 3971 failliront
1105 3930 1161 3970 tuor
1178 3920 1317 3972 Alcibiade.

244 4011 438 4073 '‘Anaxagores,
455 4010 618 4073 Protagoras,
637 4011 766 4061 Theodora
782 4009 899 4068 l'Athee,
916 4011 1040 4075 Diagoras
1053 4010 1318 4070 temonariorum

245 4102 291 4148 “de
314 4099 389 4158 coos,
414 4098 523 4162 stilpon,
549 4099 873 4163 Aristote,‘1'htophraste,
891 4100 1010 4162 Euripide
1027 4101 1112 4148 furem·
1126 4101 1222 4164 plusou
1238 4102 1318 4151 moins

244 4189 440 4239 “seriemement
455 4187 600 4252 inquietes.''

276 4277 287 4344 ἲ
303 4278 403 4328 Lucret.
421 4277 517 4337 1,102.

277 4371 287 4400 ³
304 4369 342 4420 Ut
366 4369 397 4417 do
413 4367 468 4418 aliis
487 4375 581 4418 taceam
602 4368 693 4431 poetis,
710 4382 759 4418 non
776 4384 791 4416 a
810 4366 950 4417 revidetur
966 4366 1006 4417 hio
1022 4367 1177 4426 meminisse,
1195 4382 1228 4416 ex
1244 4369 1317 4416 Euri·

244 4459 308 4524 pidia
331 4458 435 4508 servatis
460 4458 548 4507 fabulis
574 4459 635 4507 dnae
658 4458 684 4505 in
707 4457 806 4507 landem
827 4456 926 4508 Atticae
949 4455 1077 4520 εὐσεβείας
1095 4472 1147 4506 esso
1163 4457 1317 4520 compositas,

246 4547 375 4611 Supplices
384 4554 410 4597 et
419 4548 577 4597 Heraclidas:
590 4548 680 4598 'l'hesei
688 4548 713 4595 in
723 4547 778 4607 illa,
789 4548 815 4596 in
826 4546 870 4597 bac
880 4545 1077 4611 Demophoontis
1089 4548 1168 4611 pietus
1176 4547 1318 4596 celebratur.
