3284 5338
761 463 823 524 123

256 645 364 724 Quum
396 665 470 708 vero
502 645 666 730 plerique,
700 645 756 731 qui
790 645 940 730 Euripidi
971 651 1028 710 aut
1057 646 1251 730 patrocinati
1275 652 1332 711 aut

254 758 415 824 adversati
450 767 544 842 sunt,
576 759 685 846 potius
710 759 750 824 ab
773 759 982 844 opinionibus
1008 759 1237 845 praejudicatis
1258 783 1333 846 pro·
1404 767 1405 772 ’

255 871 474 936 ficiscerentur
497 894 596 956 quam
620 894 673 938 res
707 873 794 957 ipsas
821 894 996 958 earumque
1019 894 1132 938 causas
1156 874 1334 959 investiga-

255 992 346 1066 rent,
381 984 519 1070 denique
553 987 616 1051 “de
647 988 715 1051 vita
737 992 771 1050 et
798 987 889 1070 poesi
914 986 1099 1079 Euripidis,
1122 992 1197 1071 post
1218 987 1334 1051 imme-

256 1096 428 1162 morabiles
454 1097 593 1162 aliorum
615 1105 769 1179 conatus,
792 1099 918 1182 primus
940 1098 1067 1165 doctius
1091 1105 1124 1164 et
1144 1099 1333 1185 intelligen-

257 1210 323 1274 tius
356 1209 539 1294 disputavit
575 1210 614 1276 G.
654 1211 882 1294 Bernhardyus
916 1213 949 1276 in
985 1212 1124 1278 historia
1149 1212 1335 1278 literaturae

259 1323 400 1388 Graecae
443 1323 504 1388 vol.
545 1324 579 1388 ΙΙ
611 1335 693 1409 part.
732 1329 752 1389 2
792 1346 865 1410 pag.
903 1328 1100 1390 348--444”
1143 1325 1335 1411 [383-506

258 1435 410 1502 editionis
444 1437 573 1521 tertiae]
589 1442 608 1501 ¹.
657 1437 720 1502 Hic
745 1445 853 1503 autem
878 1439 1023 1505 medium
1047 1440 1208 1525 quoddam
1230 1441 1337 1506 tenuit

259 1551 340 1634 iter,
367 1549 453 1636 quod
477 1549 556 1634 quin
578 1550 671 1614 unice
693 1550 790 1614 ducat
815 1551 856 1614 ad
881 1573 989 1615 veram
1014 1552 1209 1617 sententiam
1226 1554 1335 1619 nullus

259 1664 382 1729 dubito.
406 1663 494 1727 Dum
517 1662 605 1726 enim
630 1662 752 1727 fatetur
767 1662 1022 1748 Aristophanem
1038 1664 1122 1728 nibil
1138 1665 1337 1731 calumniose

205 1854 209 1864 Ι
260 1777 311 1841 vel
341 1775 440 1840 etiam
474 1773 596 1859 injuste
633 1775 673 1840 de
708 1774 864 1860 Euripide
893 1776 1015 1841 dixisse
1030 1784 1060 1858 ²,
1097 1776 1196 1842 simul
1228 1784 1336 1843 tamen

261 1887 425 1954 intellexit
455 1875 520 1952 ndu
544 1908 625 1972 opus
651 1909 721 1952 esse
745 1895 801 1969 ut,
826 1888 948 1953 comico
972 1888 1119 1973 quamvis
1142 1891 1335 1974 assentiare,

208 2069 215 2080 ,
261 2002 333 2067 ideo
360 2001 521 2086 tragicum
540 2000 708 2066 fastidiose
730 2007 937 2083 contemnas,
962 2000 1018 2065 sed
1040 2002 1234 2087 Euripideae
1258 2025 1337 2088 quo-

185 2118 186 2122 ’
262 2137 323 2200 que
358 2115 420 2179 arti
453 2136 544 2180 suam
581 2136 639 2178 nee
665 2114 858 2178 mediocrem
890 2120 1036 2179 constare
1059 2115 1209 2198 laudem,
1242 2117 1337 2182 dum-

262 2229 359 2293 modo
382 2249 423 2291 ne
440 2227 604 2311 judicetur·
628 2227 806 2292 secundum
829 2227 957 2292 easdem
976 2227 1064 2312 leges
1086 2251 1166 2314 quas
1181 2230 1339 2316 applicuit

263 2341 404 2406 comicus
420 2341 441 2406 ³.

308 2454 376 2519 Nee
409 2453 540 2518 silentio
574 2454 827 2537 praetereundus
863 2453 1105 2539 Mommsenus,
1140 2457 1196 2543 qui
1220 2459 1255 2522 in
1275 2459 1340 2523 fine

266 2566 366 2652 primi
401 2565 579 2632 voluminis
615 2587 691 2630 suae
727 2565 893 2630 Historiae
928 2566 1093 2632 Romanae
1127 2569 1266 2636 breviter
1302 2572 1341 2636 de

265 2678 421 2767 Euripide
442 2679 609 2763 exposuit,
633 2678 690 2742 sed
723 2699 879 2763 perquam
900 2677 993 2743 docte
1012 2684 1046 2743 et
1072 2682 1259 2766 perspicue,
1288 2684 1340 2749 hic

265 2815 391 2881 quoque
415 2792 672 2878 Aristophaneus
697 2792 879 2856 sententiae
902 2791 1028 2876 adjecto
1051 2793 1183 2858 calculo.

209 2979 211 2984 ,
310 2906 481 2973 Germanis
506 2906 690 2972 auctoribus
710 2904 888 2990 adjungere
901 2905 998 2991 juvat
1016 2911 1196 2971 nostratem
1207 2907 1341 2972 Petrum

266 3043 328 3087 van
355 3021 513 3105 Limburg
537 3019 733 3102 Bronwer⁴,
767 3019 823 3104 qui
847 3018 1014 3084 nonnullis
1037 3019 1154 3083 abhinc
1178 3019 1341 3085 decenniis

254 3123 368 3221 ‘edidit
402 3133 551 3198 libellum
586 3132 626 3197 de
655 3131 747 3216 poesi
774 3131 971 3216 Euripidea,
997 3132 1077 3198 satis
1102 3131 1283 3217 elegantem
1308 3139 1342 3197 et

265 3269 351 3313 nunc
372 3267 515 3334 quoque,
542 3243 751 3331 quantumvis
775 3244 1021 3328 inveteraverit,
1046 3245 1132 3310 lectu
1160 3267 1226 3310 non
1255 3246 1341 3311 indi-

265 3383 368 3445 gnum
380 3386 388 3438 3
418 3380 558 3445 magnus
583 3356 787 3442 caeteroquin
812 3356 979 3441 Euripidis
1003 3357 1196 3440 admirator,
1222 3358 1253 3421 in
1279 3381 1341 3444 quo

299 3635 437 3685 ¹Dindorf.
454 3635 525 3683 Poet.
544 3634 615 3684 Seen.
635 3629 730 3696 proleg.
747 3631 778 3677 ad
794 3631 883 3692 Eurip.
899 3645 956 3694 pag.
977 3633 1014 3680 19.

298 3723 524 3786 ²“Aristophanes
544 3722 612 3769 hatte
634 3720 711 3770 sobon
732 3720 782 3768 alle
801 3720 978 3770 wesentlichen
997 3720 1097 3770 Punkta
1114 3722 1157 3769 der
1175 3720 1290 3770 Polemik
1306 3733 1343 3769 er-

267 3813 385 3877 “griffem
397 3846 419 3860 ..
441 3813 477 3862 Er
495 3813 528 3860 ist
544 3811 571 3858 in
588 3811 681 3859 seinem
699 3810 781 3861 Raeht
796 3810 881 3858 sobald
903 3824 930 3858 er
946 3809 985 3858 die
1002 3810 1181 3872 Forderungen
1198 3811 1240 3858 des
1259 3809 1344 3857 reinen

267 3903 450 3953 ''Geschmaeks
471 3904 521 3950 und
543 3903 587 3950 der
604 3901 765 3965 organischen
788 3900 876 3948 Poesie
893 3914 975 3962 gagen
992 3900 1032 3947 die
1050 3900 1197 3948 Ketzereien
1213 3899 1255 3948 des
1272 3899 1343 3947 Enri-

269 3992 354 4055 “pides
370 3989 469 4041 lrebrt.''
487 3992 559 4054 (Peg.
576 3991 643 4052 395.)

300 4083 310 4113 ³
328 4083 379 4132 “Es
396 4084 462 4130 utre
479 4081 597 4130 verkehrt
613 4082 663 4129 und
680 4079 785 4141 unbillig
801 4079 849 4126 den
866 4077 968 4126 antiken
980 4079 1103 4127 Messstab
1122 4077 1276 4141 anzulegon”
1296 4087 1346 4128 ete.

268 4172 340 4235 (Peg.
357 4171 424 4233 ³89l

299 4261 310 4292 ⁴
328 4263 423 4310 Procae
439 4277 498 4310 ocor
514 4261 545 4309 de
561 4260 684 4324 redelijlre
700 4259 853 4308 arbocalaca‘d
869 4259 916 4307 der
929 4258 1013 4322 patrii
1030 4272 1081 4305 oca
1103 4259 1255 4322 Euripidea,
1275 4261 1344 4310 1833.

269 4352 381 4401 Maxima
405 4349 479 4412 hujus
502 4350 560 4399 libri
584 4364 641 4412 pars
664 4348 695 4396 ab
719 4355 818 4397 auctore
840 4355 925 4409 postea
942 4347 1064 4396 transfusa
1080 4355 1117 4396 ast
1134 4348 1160 4395 in
1177 4363 1239 4411 opus
1257 4348 1344 4411 majus,

269 4455 317 4504 quo
341 4441 394 4504 egit
418 4440 449 4488 de
474 4439 625 4489 Graecorum
647 4437 753 4485 moribus
774 4443 799 4484 et
814 4436 905 4494 literis,
922 4435 1019 4486 Gallica
1036 4449 1094 4484 usus
1111 4435 1208 4501 lingna:
1230 4438 1345 4485 Ilirror‘re

270 4530 300 4580 de
317 4529 344 4578 lo
361 4529 519 4577 cirilisotiou
536 4527 579 4576 des
600 4527 686 4577 Graes.
