3258 5328
856 459 896 522 54

340 665 414 709 eum
453 644 538 708 ultra
576 641 682 728 primo
720 641 882 708 elementa
921 665 984 706 non
1022 643 1163 708 multum
1205 643 1413 728 processisse3

341 778 416 822 nam
450 755 536 844 quod
566 755 640 841 quis
670 756 718 820 ita
749 753 922 840 perdidicit
952 762 990 820 ut
1011 753 1145 822 verterit
1168 755 1202 820 in
1226 777 1359 821 succum
1383 761 1416 822 et

276 929 279 952 ,
340 871 552 957 sanguinem,
585 869 618 935 id
642 890 810 955 nunquam
835 869 864 936 ei
888 869 1008 953 officit,
1035 870 1092 935 sed
1116 869 1156 935 de
1179 870 1219 935 iis
1243 892 1326 956 quae
1349 870 1415 955 pri-

341 983 486 1050 moribus
519 989 649 1050 tantum
681 981 776 1048 labiis
808 982 1015 1068 gustavimus
1048 982 1170 1068 garrire
1204 982 1303 1068 vulgo
1335 981 1417 1046 mira

342 1097 481 1184 quadam
505 1096 641 1162 ferimur
664 1095 819 1179 libidine,
844 1095 935 1181 cujus
960 1097 1005 1162 rei
1029 1095 1178 1182 exemplo
1190 1117 1285 1182 saepe
1302 1096 1337 1160 in
1350 1095 1416 1162 cla-

341 1231 450 1276 rorum
473 1210 645 1277 hominum
668 1209 747 1275 vitis
770 1209 983 1294 offendimus,
1010 1217 1047 1276 ut
1070 1212 1126 1296 qui
1149 1232 1270 1296 magna
1292 1211 1419 1276 etbene

342 1323 459 1388 merita
480 1323 639 1409 gauderet
670 1322 875 1406 celebritate,
898 1324 1071 1409 gloriolam
1095 1331 1261 1409 quaereret
1286 1324 1327 1388 ab
1351 1333 1419 1390 arte

342 1436 394 1501 vel
419 1434 545 1519 studio,
570 1435 605 1499 in
627 1433 719 1520 cujus
743 1435 939 1502 rudimentis
964 1431 1168 1502 substitisset
1189 1442 1222 1502 et
1236 1435 1323 1502 unde
1334 1431 1419 1500 nun-

343 1569 441 1634 quam
476 1568 595 1615 nomen
629 1547 791 1632 inclytum
824 1548 908 1614 foret
940 1550 1078 1635 adeptus
1098 1550 1119 1614 ¹.
1170 1548 1232 1616 sed
1267 1547 1419 1634 quicquid

343 1662 383 1726 de
417 1658 584 1744 Euripidis
613 1659 647 1722 in
678 1659 738 1725 hac
768 1659 905 1726 scientia
933 1660 1131 1747 profectibus
1158 1661 1334 1728 statuimus
1369 1662 1420 1726 vel

345 1771 552 1859 conjicimus,
587 1770 679 1837 nulla
713 1778 798 1854 certe
829 1769 1005 1859 disciplina
1037 1773 1118 1838 mihi
1151 1773 1278 1840 videtur
1311 1774 1420 1839 minus
1479 1797 1484 1806 ·

290 1971 292 1976 Ι
346 1892 455 1973 aptam
478 1883 647 1952 materiem
670 1905 842 1970 suggerere
865 1891 979 1971 poetae
1004 1885 1145 1972 tragico,
1163 1908 1260 1972 quam
1275 1887 1419 1973 philoso-

343 2001 421 2086 phia
443 1998 602 2064 naturalis
626 2005 660 2065 et
687 1998 771 2063 illud
798 2003 861 2064 τῶν
882 2002 1043 2086 μετεώρων
1064 1999 1212 2065 studium
1227 2001 1421 2085 quodEuri-

344 2114 436 2199 pides
461 2112 643 2179 affectabat.
694 2113 891 2198 Priusquam
914 2117 1024 2178 tamen
1047 2113 1126 2180 haec
1149 2113 1299 2199 pluribus
1311 2137 1419 2201 prose-

345 2249 500 2314 quamur,
529 2225 685 2292 afferendi
712 2234 791 2292 sunt
812 2226 875 2291 loci
891 2225 1125 2312 Aristophunei
1136 2227 1199 2293 huc
1210 2227 1418 2314 pertinentes.

388 2341 464 2406 dam
499 2340 613 2406 statim
645 2340 680 2404 in
703 2339 810 2424 prima
833 2360 915 2425 quae
939 2345 1067 2406 servata
1089 2346 1140 2408 est
1161 2341 1276 2407 comici
1299 2341 1421 2427 fabula,

346 2452 628 2536 Acharnensibus,
652 2452 713 2517 hoc
736 2450 870 2517 nomine
892 2453 1035 2538 carpitur
1063 2453 1215 2540 tragicus.
1263 2454 1422 2524 Aditurus

346 2566 393 2630 ibi
427 2563 632 2649 Dicaeopolis
664 2563 873 2650 Euripidem,
899 2561 946 2630 sio
969 2565 1148 2652 interrogat
1171 2573 1330 2632 vernam²
1354 2570 1423 2656 ejus

348 2679 645 2765 Cephisophontem
670 2679 725 2764 qui
744 2677 882 2764 januam
906 2678 936 2744 ei
959 2679 1064 2765 aperit
1087 2687 1149 2760 (vs.
1177 2682 1241 2746 395
1267 2685 1372 2768 sqq.):

426 2794 489 2852 Diu.
774 2789 866 2858 ἔνδον
888 2791 949 2858 ἔστ’
974 2791 1164 2881 Εὗριπίδηςέ

430 2899 513 2978 Oepb'.
532 2905 534 2907 ’
556 2901 612 2968 οὐκ
634 2897 727 2966 ἔνδον
749 2895 841 2964 ἔνδον
863 2901 958 2971 ἐστίν,
981 2903 1003 2964 si
1026 2901 1154 2986 γνώμην
1177 2901 1270 2987 ἔχεις·

428 3007 491 3065 Dic.
554 3009 625 3080 πῶς
646 3001 748 3077 ἐ’νδον,
771 3002 823 3068 εἶτ’
845 3004 901 3068 οὐκ
923 3000 1032 3076 ’ἔνδονς

926 3106 1008 3184 (dard.
1051 3106 1167 3194 ὀρθῶς,
1191 3111 1343 3197 ὧ’γε’ρον·
1415 3187 1417 3189 ,

559 3217 577 3278 ὁ
600 3219 677 3288 νοῦς
698 3217 754 3297 μὲν
776 3209 835 3285 ’ἔξω
858 3210 1025 3299 ξυλλέγων
1048 3214 1184 3280 ἐπύλλια

561 3321 618 3384 οὐκ
639 3315 740 3390 ἔνδον,
763 3319 859 3394 αὐτὸς
881 3314 907 3383 δ’
929 3315 1020 3384 ἔνδον
1043 3317 1211 3404 ἆνοβάδην
1232 3331 1312 3386 ποιεῖ

560 3418 750 3510 τραγῳδίαν·

351 3561 568 3572 ,μ

347 3627 406 3677 ralis
422 3625 523 3685 notitia,
539 3639 614 3688 quam
629 3624 799 3674 Bernhardius
816 3625 851 3674 ΙΙ.
867 3626 890 3675 ei
907 3625 1022 3691 largitur,
1038 3629 1081 3677 ubi
1100 3631 1200 3680 tandem
1220 3631 1299 3681 lateat
1315 3632 1428 3695 equidem

351 3707 437 3767 miror.
1368 3727 1369 3732 ’

384 3806 391 3837 ¹
513 3804 640 3853 Nimirum
658 3804 724 3853 idem
741 3817 826 3853 omnes
843 3805 965 3865 fallimur,
984 3821 1062 3871 neque
1079 3818 1117 3858 ast
1134 3811 1262 3874 quisquam

429 3952 432 3956 ¹
510 3909 582 3956 quern
599 3908 648 3942 non
665 3893 691 3941 in
708 3893 835 3957 aliquare
852 3895 937 3945 videre
954 3896 1083 3946 Suffenum

512 3984 598 4047 possis.
633 3976 735 4046 (Catuli.
751 3985 784 4033 22
795 4001 801 4031 :
814 3985 844 4034 18
859 3986 920 4048 sqq.)
939 4013 970 4021 -

611 4079 727 4140 Σνγγενεῖ
744 4074 769 4132 δέ
786 4093 825 4133 τις
843 4074 941 4141 εὐδοξίᾳ
958 4076 1021 4142 μέγα
1038 4079 1130 4144 βρίθει.

611 4167 638 4220 ὃς
657 4163 681 4212 δὲ
699 4161 790 4213 διδάκτ’
808 4162 871 4227 ἔχει,
888 4163 999 4228 ψεφηνὸς
1016 4167 1090 4231 ἀνήρ,

609 4251 696 4301 ἄλλοτ’
713 4245 781 4302 ἄλλα
799 4247 894 4316 πνέων,
912 4254 1001 4305 οὔποτ’
1017 4256 1111 4321 ἀτρεκέϊ

610 4341 707 4404 κατέβα
725 4341 798 4404 ποδί,
815 4345 911 4407 μυριᾶν

612 4429 632 4478 δ’
650 4431 744 4495 ἀρετᾶν
762 4431 846 4480 ἀτελεῖ
863 4432 913 4496 νόῳ
930 4431 1037 4497 γεύεται.
1074 4435 1156 4494 (Pind.
1175 4437 1249 4488 Nem.
1268 4441 1327 4499 ΙΙΙ.)

386 4519 396 4552 2
430 4517 532 4572 Rectius
549 4519 651 4592 fortasse
668 4518 941 4586 dixeris'ciscipu1·um;
958 4523 989 4572 cf.
1007 4524 1071 4573 infra
1088 4525 1148 4588 Cap.
1166 4527 1206 4575 IX
1225 4531 1286 4578 med.
1316 4506 1318 4511 .
