3284 5338
765 457 824 518 131

297 635 451 700 Praetereo
471 638 577 700 addere
597 639 683 718 juvat
705 618 827 718 Hippol.
848 659 890 700 rs.
914 644 1004 699 1144:

579 737 603 800 ὦ
625 735 758 801 τάλαινα

414 834 527 917 μᾶτερ,
550 830 648 904 ἔτεκες
670 830 818 895 ἆνόναπα·

256 942 330 1002 quse
362 929 432 984 sunt
453 924 535 986 ohori
556 924 592 984 de
614 923 773 1006 Hippolyti
793 929 889 984 matre
910 923 1007 986 verba.
1048 924 1097 985 Ad
1118 941 1206 1003 quem
1235 925 1333 986 lorum

255 1019 469 1079 Valckenarius
497 1019 623 1080 conferri
651 1017 738 1097 jubet
770 1017 850 1078 Heo„
875 1037 917 1079 vs.
940 1022 1014 1092 765,
1036 1018 1088 1079 ubi
1110 1018 1235 1079 Hecuba
1255 1021 1334 1100 Aga-

256 1114 407 1174 memnoni
426 1113 557 1192 roganti:

416 1211 517 1297 ἧγάρ
540 1214 598 1276 τιν’
621 1209 727 1275 ἄλλον
749 1210 859 1287 ἐ’πεκεςῐ

256 1302 425 1381 respondet:

417 1399 555 1474 ἇνόνητά
577 1402 617 1485 γ’,
640 1401 684 1473 ὡς
705 1399 796 1472 ἔοικε,
818 1396 903 1464 τόνδ’
926 1400 964 1466 ὃν
986 1401 1120 1486 είςόρᾷς.

297 1491 414 1554 Ultima
434 1493 492 1554 looi
512 1493 724 1572 Aristophanei
744 1493 847 1566 verba,
869 1511 944 1572 quae
965 1494 1057 1554 etiem
1077 1488 1190 1573 tragico
1206 1493 1336 1573 quodem

257 1589 352 1649 colore
373 1589 469 1649 tinctu
489 1594 574 1661 sunt,
597 1608 665 1650 eum
687 1588 758 1649 Eur.
782 1588 890 1650 Alcest.
912 1609 955 1650 vs.
969 1593 1040 1649 341:
1057 1595 1110 1673 μοὶ
1123 1593 1239 1656 στένειν
1250 1593 1336 1679 πάρα
1386 1648 1389 1650 ,

256 1684 350 1762 possis
370 1702 552 1762 comperere3
573 1684 625 1745 sed
644 1683 866 1745 'verisimileest
886 1703 921 1744 ea
936 1701 1053 1764 quoque
1064 1704 1100 1745 ex
1110 1683 1224 1745 Theseo
1235 1684 1337 1744 fabule

257 1779 347 1840 fuisse
368 1779 471 1858 petite.

302 1957 386 2022 lbld.
406 1978 449 2019 vs.
482 1961 540 2019 750
573 1957 757 2030 Philocleon,
779 1949 947 2016 vehementi
966 1951 1120 2035 judicandi
1139 1955 1264 2016 libidine
1286 1954 1336 2014 ub-

258 2058 376 2130 reptus‚
398 2053 441 2114 sio
460 2053 604 2132 loquitur:

417 2153 458 2232 μή
479 2175 532 2231 μοι
552 2152 673 2213 τούτων
694 2143 790 2230 μηδὲν
811 2148 978 2233 ὑπισχνοῦ·

418 2249 528 2310 κείνων
550 2245 674 2330 ἔραμαι,
696 2241 771 2308 κεῖθι
792 2245 960 2328 γενοίμαν,

378 2375 381 2381 ’
418 2340 459 2403 ἵν’
482 2344 503 2404 ὁ
521 2335 619 2426 κηρνὲ
641 2341 730 2424 φησί,
752 2341 801 2411 τίς
823 2336 935 2421 ἂψίηφι·
1057 2355 1060 2360 ’

420 2455 514 2508 σπος;
537 2432 726 2498 ἆνισπᾶσθω·
784 2489 787 2496 ι

419 2527 604 2602 κάπισταίην
626 2529 675 2590 ἐπὶ
696 2534 765 2601 τοῖς
787 2533 896 2608 κημοῖς

420 2621 641 2708 ψηφιζομένων
663 2625 681 2685 ὁ
702 2620 890 2694 τελευταῖος·

419 2713 541 2786 σπεῦδ’,
565 2715 589 2780 ὦ
610 2718 708 2802 ψυχή.
731 2723 793 2779 ποῦ
814 2742 866 2797 μοι
888 2717 990 2814 ψυχῆς

420 2813 532 2898 πάρες,
556 2811 580 2875 ὦ
603 2812 716 2897 σκιερά·

301 2901 418 2965 Horum
442 2923 580 2965 versuum
606 2904 696 2983 primi
717 2903 806 2964 efficti
827 2910 897 2964 sunt
918 2902 956 2963 ud
975 2903 1108 2964 nobilem
1128 2923 1164 2964 ex
1185 2903 1338 2984 Euripidis

262 2997 426 3080 Hippolyto
446 3000 558 3072 looum,
579 3013 622 3060 vs.
644 3003 701 3060 215
729 3016 808 3077 sqq„
830 2998 882 3060 sed
902 2998 1039 3071 liberius,
1061 2999 1105 3059 ite
1125 3005 1159 3059 ut
1180 2998 1339 3060 verisimile

261 3096 314 3169 sit,
345 3095 378 3155 in
408 3094 505 3173 priore
536 3093 695 3175 Hippolyti
726 3092 856 3154 editione
887 3092 944 3153 hoe
974 3094 1125 3154 canticum
1155 3095 1251 3173 magis
1271 3115 1339 3156 oum

261 3191 366 3251 oomioi
396 3189 493 3251 verbis
513 3189 692 3268 congruisse.
734 3188 867 3263 Quodsi
888 3193 1015 3260 statues,
1037 3204 1098 3249 non
1123 3189 1340 3250 emendandum

262 3292 325 3348 eret
344 3287 467 3347 fortasse
488 3285 594 3347 scholii
614 3286 735 3346 lemme:
755 3289 796 3368 μή
817 3313 870 3368 μοι
884 3289 1019 3359 τούτων,
1042 3306 1129 3362 quem
1144 3306 1262 3348 versum
1271 3307 1341 3348 oum

261 3387 392 3442 censeret
411 3400 473 3442 non
494 3380 689 3459 Euripideum
710 3399 790 3451 esse,
811 3380 1026 3441 Valckenarius
1037 3381 1075 3442 ad
1096 3388 1267 3461 sequentem
1278 3403 1341 3444 ver-

150 3519 152 3524 -
262 3495 329 3537 sum
349 3476 452 3536 retulit
473 3475 620 3547 scholion,
643 3493 769 3554 eumque
790 3480 907 3536 secutus
929 3475 1102 3536 Dindorfius
1117 3477 1149 3536 in
1162 3477 1342 3538 scholiorum

262 3571 401 3632 editione.
953 3625 954 3628 ,

145 3723 147 3727 .
304 3667 479 3728 Conferatur
505 3667 596 3727 etlam
627 3667 737 3728 Alcest.
758 3685 802 3728 VS.
824 3671 895 3728 866:
916 3671 1025 3734 κείνων
1047 3668 1166 3755 ἐ’ραμαι,
1189 3671 1260 3734 κεῖν’
1282 3673 1342 3735 ἐπι·

265 3761 349 3846 θυμῶ
372 3760 496 3845 δώματα
517 3767 631 3835 ναίειν,
653 3768 684 3822 et
704 3762 784 3822 infra
802 3762 907 3840 fragm.
929 3762 1022 3823 Arist.
1046 3767 1112 3823 146.

305 3857 343 3916 In
373 3857 480 3917 ultimo
511 3876 649 3917 versuum
674 3857 835 3918 citatorum
859 3862 948 3936 poete
974 3856 1136 3917 secundum
1164 3857 1255 3918 sohol.
1276 3857 1342 3916 imi·
1363 3887 1365 3892 ·

264 3958 346 4013 tetur
375 3952 447 4036 haee
478 3972 514 4013 ex
535 3951 764 4031 Bellerophonte
785 3951 875 4012 verba
895 3951 984 4031 (quae
1009 3952 1178 4012 emendavit
1198 3951 1342 4014 Valcken.

265 4047 362 4108 Diotr.
383 4066 451 4126 pag.
475 4050 560 4127 166):

425 4143 541 4231 πάρες,
563 4144 587 4207 ὦ
610 4144 715 4230 σκιερὰ
738 4141 879 4229 φυλλάς,
902 4141 1033 4229 ὑπερβῶ

426 4246 556 4324 κρηναῖα
578 4241 674 4312 νάπη·
697 4239 755 4302 τὸν
776 4238 852 4322 ὑπὲρ
874 4236 1011 4321 κεφαλῆς
1057 4277 1059 4282 -

427 4330 521 4419 αἰθέρ’
542 4328 660 4398 ίδίσθαι
684 4328 824 4404 σπεύδω,
847 4330 904 4396 τίν’
927 4330 990 4418 ’ἔχει

428 4429 539 4493 στάσιν
562 4424 701 4494 Εἰνοδία·
1328 4493 1330 4498 ,

346 4509 347 4512 ’
588 4541 591 4546 l
1000 4507 1110 4570 (regns.
1128 4509 1177 4558 310
1193 4509 1277 4574 nini.)
1389 4566 1392 4570 ,

1167 4605 1211 4666 91

1184 4738 1188 4754 ‘
1201 4757 1216 4790 ν
