3284 5338
745 1078 918 1156 CAPUT
945 1079 995 1154 X.

332 1303 375 1347 nr
401 1299 544 1346 ruuooru
568 1265 720 1344 nocerim
744 1299 998 1346 uuarrrnnonuu
1028 1301 1118 1362 aron
1143 1269 1403 1348 immoramur.

797 1471 927 1485 mvs-

380 1626 464 1690 Loca
498 1646 539 1689 ex
575 1624 806 1709 Aristophanis
841 1623 1032 1706 comoediis,
1061 1623 1145 1688 unde
1169 1623 1249 1708 quid
1273 1620 1408 1688 senserit

335 1739 375 1803 de
398 1736 555 1822 Euripide
578 1737 629 1803 vel
652 1743 787 1822 apparet
809 1737 861 1803 vel
885 1736 1122 1822 quodammodo
1145 1735 1258 1821 colligi
1281 1741 1406 1820 potest,

336 1872 422 1916 nunc
446 1849 555 1914 omnia
578 1849 643 1914 fere
660 1872 679 1913 a
695 1871 746 1914 me
762 1853 1013 1915 commemorata
1027 1855 1116 1933 puto.
1145 1848 1230 1913 Sunt
1248 1853 1409 1933 praeterea

335 1963 499 2050 permulta
533 1962 598 2027 alis
631 1962 687 2028 ubi
723 1963 764 2028 ad
799 1962 992 2047 Euripideos
1026 1983 1136 2034 versus
1175 1961 1333 2026 alluditur
1354 1980 1409 2044 per

336 2075 512 2161 parodiam.
538 2076 616 2141 dam
638 2097 713 2141 vero
736 2076 917 2141 cavendum
940 2081 991 2140 est
1015 2097 1056 2139 ne
1079 2074 1114 2139 in
1137 2075 1270 2159 perodio
1286 2095 1409 2158 semper

337 2191 445 2256 inesse
470 2191 741 2275 vituperationem
765 2189 1009 2266 existimemus3
1034 2210 1093 2274 ego
1117 2210 1181 2252 non
1206 2188 1321 2253 dubito
1333 2187 1408 2273 quin

338 2327 378 2370 ex
402 2303 569 2389 Euripidis
593 2303 739 2368 versibus
757 2324 836 2389 quos
856 2302 891 2367 in
907 2301 1080 2367 ridiculum
1097 2301 1234 2367 detorsit
1247 2301 1409 2367 comicus¹

337 2417 459 2482 multos
484 2439 547 2480 non
565 2417 670 2502 magis
686 2416 820 2481 vitiosos
836 2415 986 2483 habuerit
1001 2436 1098 2500 quam
1117 2415 1323 2479 Homericam
1335 2435 1361 2478 e.
1377 2435 1407 2497 g.

339 2529 557 2594 narrationem
591 2529 632 2605 de
655 2527 765 2595 Ulixis
798 2527 877 2612 fuga
906 2549 946 2592 ex
969 2534 1063 2592 antro
1087 2527 1297 2614 Polyphemi,
1321 2525 1410 2610 eujus

338 2644 443 2709 faceta
477 2641 618 2708 imitatio
652 2642 817 2708 invenitur
851 2641 1033 2726 Vesparum
1067 2663 1113 2706 νε.
1143 2644 1332 2718 179-186;
1357 2646 1412 2704 aut

340 2754 498 2822 Herodoti
522 2754 688 2820 Persicum
713 2753 835 2820 bellum
859 2753 1052 2838 descripturi
1076 2753 1329 2839 praefationem,
1357 2753 1412 2818 ubi

339 2876 545 2935 recensentur
579 2893 694 2936 causae
730 2870 796 2936 odii
830 2869 914 2935 inter
947 2869 1111 2954 Europam
1149 2869 1327 2955 Asiamque
1350 2868 1411 2934 fer-

319 2982 464 3066 uentia,
495 2984 536 3048 ad
566 3006 663 3069 quam
695 2983 822 3049 effictus
853 2991 904 3048 est
929 2981 1084 3068 jocularis
1115 2982 1171 3046 ille
1194 2981 1351 3076 apologus
1375 2982 1413 3046 de

340 3095 464 3180 origine
486 3096 566 3160 belli
590 3096 875 3180 Peloponnesiaci,
901 3096 957 3180 qui
980 3095 1101 3180 legitur
1123 3094 1263 3158 Acharn.
1281 3116 1328 3160 vs.
1350 3096 1412 3160 524

341 3230 409 3293 sqq.
427 3208 449 3271 ².
493 3208 579 3288 Quin
603 3208 765 3275 interdum
789 3209 824 3272 in
847 3208 1133 3296 honoremflpotius
1157 3228 1254 3292 quam
1279 3206 1313 3269 in
1338 3227 1415 3272 oon·

342 3321 511 3386 tumeliam
544 3321 732 3406 accipienda
763 3328 813 3386 est
846 3320 988 3406 parodia.
1036 3320 1129 3385 Oerte
1157 3303 1414 3404 tragicus'aegre

320 3426 422 3497 'ferre
447 3455 522 3498 -non
556 3434 682 3518 potuit,
718 3435 803 3520 quod
838 3434 1093 3518 Aristophanes,
1118 3433 1174 3497 ubi
1197 3431 1312 3497 multis
1331 3432 1413 3516 jocis

251 3629 254 3636 Ι
342 3547 460 3612 solutis
496 3546 580 3617 seria
601 3547 732 3628 miscet,
763 3547 805 3611 ad
827 3568 940 3631 pacem
964 3546 1162 3611 suadendam
1187 3545 1340 3629 (Lysistr.
1367 3567 1412 3610 vs.

346 3662 579 3748 iras-1135)
614 3669 758 3727 uteretur
789 3661 894 3727 verbis
919 3683 957 3725 ex
984 3660 1151 3746 Euripidis
1175 3659 1360 3746 Melanippe
1383 3667 1415 3723 et

345 3762 525 3839 Erechtheo
550 3774 738 3839 desumtis.‘
1001 3785 1003 3790 '

389 3889 466 3973 Ipsa
498 3895 607 3953 autem
644 3889 777 3972 parodia
809 3896 886 3974 apta
919 3896 969 3952 est
1003 3887 1043 3952 ad
1075 3887 1178 3952 risum
1206 3887 1411 3952 movendum.

379 4099 386 4129 ¹
405 4101 520 4164 Exempli
545 4083 599 4152 loco
623 4103 762 4153 nominasse
782 4103 888 4152 sufficiat
908 4101 1039 4165 pulchrum
1059 4100 1120 4148 illud
1142 4099 1271 4148 Phaedrae
1287 4097 1417 4153 canticum,

243 4255 246 4262 Ι
345 4189 397 4236 veri
421 4191 550 4253 tenerique
574 4192 675 4241 affectus
700 4192 812 4255 plenum,
837 4193 901 4254 quod
920 4191 1030 4240 imitatur
1050 4190 1077 4237 in
1092 4188 1185 4252 Vespis
1201 4201 1278 4236 senex
1294 4186 1385 4236 delirus
1402 4203 1417 4234 a

341 4276 499 4338 judicialibus
515 4281 635 4330 subselliis
652 4281 761 4330 seclusus

377 4365 387 4397 ²
404 4367 466 4415 Alia
483 4368 530 4416 loci
547 4369 680 4418 Herodotai
698 4375 798 4432 parodia
813 4369 920 4419 occurrit
936 4369 961 4416 in
979 4369 1089 4426 Avibus,
1106 4367 1149 4415 ubi
1168 4367 1193 4414 in
1210 4365 1348 4414 enarranda
1363 4367 1416 4414 Nu·

345 4457 498 4506 bilieuculiae
516 4466 638 4508 structura
655 4459 783 4522 respicitur
796 4452 860 4509 hota
876 4458 1006 4521 descriptio
1023 4471 1151 4506 murorum
1159 4456 1367 4520 Babyloniorum,
1377 4469 1415 4503 re·

345 4547 408 4595 serta
424 4547 545 4595 mensuris
561 4548 723 4596 adamussim
740 4548 855 4598 definitis.
