<?xml version="1.0" encoding="UTF-8"?>
<!DOCTYPE html PUBLIC "-//W3C//DTD XHTML 1.0 Transitional//EN"
    "http://www.w3.org/TR/xhtml1/DTD/xhtml1-transitional.dtd">
<html xmlns="http://www.w3.org/1999/xhtml" xml:lang="en" lang="en">
 <head>
  <title>
</title>
<meta http-equiv="Content-Type" content="text/html;charset=utf-8" />
  <meta name='ocr-system' content='tesseract 3.04.00' />
  <meta name='ocr-capabilities' content='ocr_page ocr_carea ocr_par ocr_line ocrx_word'/>
</head>
<body>
  <div class='ocr_page' id='page_1' title='image "./specimenliterar00leeugoog_0029.png"; bbox 0 0 3258 5328; ppageno 0'>
   <div class='ocr_carea' id='block_1_1' title="bbox 849 457 889 516">
    <p class='ocr_par' dir='ltr' id='par_1_1' title="bbox 849 457 889 516">
     <span class='ocr_line' id='line_1_1' title="bbox 849 457 889 516; baseline 0 0"><span class='ocrx_word' id='word_1_1' title='bbox 849 457 889 516; x_wconf 83' lang='lat' dir='ltr'>lo</span> 
     </span>
    </p>
   </div>
   <div class='ocr_carea' id='block_1_2' title="bbox 331 636 1403 1414">
    <p class='ocr_par' dir='ltr' id='par_1_2' title="bbox 331 636 1403 1291">
     <span class='ocr_line' id='line_1_2' title="bbox 333 636 1403 724; baseline 0.002 -20"><span class='ocrx_word' id='word_1_2' title='bbox 333 640 387 704; x_wconf 89' lang='lat' dir='ltr'>bet</span> <span class='ocrx_word' id='word_1_3' title='bbox 410 637 673 724; x_wconf 90' lang='lat' dir='ltr'>philosophorum</span> <span class='ocrx_word' id='word_1_4' title='bbox 698 637 737 701; x_wconf 93' lang='lat' dir='ltr'>de</span> <span class='ocrx_word' id='word_1_5' title='bbox 760 636 811 702; x_wconf 90' lang='lat' dir='ltr'>his</span> <span class='ocrx_word' id='word_1_6' title='bbox 832 637 928 702; x_wconf 88' lang='lat' dir='ltr'>rebus</span> <span class='ocrx_word' id='word_1_7' title='bbox 939 637 1199 724; x_wconf 87' lang='lat' dir='ltr'>disceptationes.</span> <span class='ocrx_word' id='word_1_8' title='bbox 1233 639 1317 719; x_wconf 82' lang='lat' dir='ltr'>Quia</span> <span class='ocrx_word' id='word_1_9' title='bbox 1330 663 1403 706; x_wconf 90' lang='lat' dir='ltr'>vero</span> 
     </span>
     <span class='ocr_line' id='line_1_3' title="bbox 332 749 1402 841; baseline 0.002 -22"><span class='ocrx_word' id='word_1_10' title='bbox 332 753 473 838; x_wconf 89' lang='lat' dir='ltr'>aceptiea</span> <span class='ocrx_word' id='word_1_11' title='bbox 506 756 698 837; x_wconf 85' lang='lat' dir='ltr'>argumenta</span> <span class='ocrx_word' id='word_1_12' title='bbox 733 749 878 816; x_wconf 82' lang='lat' dir='ltr'>refellere</span> <span class='ocrx_word' id='word_1_13' title='bbox 910 772 975 815; x_wconf 92' lang='lat' dir='ltr'>non</span> <span class='ocrx_word' id='word_1_14' title='bbox 1009 752 1157 835; x_wconf 88' lang='lat' dir='ltr'>valebat,</span> <span class='ocrx_word' id='word_1_15' title='bbox 1201 753 1402 841; x_wconf 90' lang='lat' dir='ltr'>philosophis</span> 
     </span>
     <span class='ocr_line' id='line_1_4' title="bbox 332 862 1402 948; baseline 0.001 -16"><span class='ocrx_word' id='word_1_16' title='bbox 332 863 560 947; x_wconf 79' lang='lat' dir='ltr'>succensebat,</span> <span class='ocrx_word' id='word_1_17' title='bbox 586 868 619 928; x_wconf 91' lang='lat' dir='ltr'>et</span> <span class='ocrx_word' id='word_1_18' title='bbox 641 862 840 930; x_wconf 84' lang='lat' dir='ltr'>comoediam</span> <span class='ocrx_word' id='word_1_19' title='bbox 864 863 1049 948; x_wconf 77' lang='lat' dir='ltr'>composuit</span> <span class='ocrx_word' id='word_1_20' title='bbox 1071 865 1199 948; x_wconf 84' lang='lat' dir='ltr'>Nubes,</span> <span class='ocrx_word' id='word_1_21' title='bbox 1217 874 1254 931; x_wconf 92' lang='lat' dir='ltr'>ut</span> <span class='ocrx_word' id='word_1_22' title='bbox 1269 867 1402 933; x_wconf 88' lang='lat' dir='ltr'>ridendo</span> 
     </span>
     <span class='ocr_line' id='line_1_5' title="bbox 331 975 1402 1064; baseline 0.002 -21"><span class='ocrx_word' id='word_1_23' title='bbox 331 977 479 1064; x_wconf 78' lang='lat' dir='ltr'>perderet</span> <span class='ocrx_word' id='word_1_24' title='bbox 500 975 718 1061; x_wconf 85' lang='lat' dir='ltr'>sophistarum</span> <span class='ocrx_word' id='word_1_25' title='bbox 745 997 862 1040; x_wconf 89' lang='lat' dir='ltr'>novam</span> <span class='ocrx_word' id='word_1_26' title='bbox 886 981 1038 1060; x_wconf 84' lang='lat' dir='ltr'>gentem,</span> <span class='ocrx_word' id='word_1_27' title='bbox 1060 977 1158 1060; x_wconf 88' lang='lat' dir='ltr'>probe</span> <span class='ocrx_word' id='word_1_28' title='bbox 1179 977 1241 1042; x_wconf 86' lang='lat' dir='ltr'>sibi</span> <span class='ocrx_word' id='word_1_29' title='bbox 1254 980 1402 1046; x_wconf 90' lang='lat' dir='ltr'>conscius</span> 
     </span>
     <span class='ocr_line' id='line_1_6' title="bbox 332 1087 1400 1176; baseline 0.003 -21"><span class='ocrx_word' id='word_1_30' title='bbox 332 1095 453 1176; x_wconf 89' lang='lat' dir='ltr'>quanta</span> <span class='ocrx_word' id='word_1_31' title='bbox 481 1088 531 1154; x_wconf 89' lang='lat' dir='ltr'>vis</span> <span class='ocrx_word' id='word_1_32' title='bbox 563 1087 606 1153; x_wconf 89' lang='lat' dir='ltr'>sit</span> <span class='ocrx_word' id='word_1_33' title='bbox 636 1087 806 1152; x_wconf 87' lang='lat' dir='ltr'>derisionis</span> <span class='ocrx_word' id='word_1_34' title='bbox 839 1087 879 1152; x_wconf 89' lang='lat' dir='ltr'>ad</span> <span class='ocrx_word' id='word_1_35' title='bbox 906 1088 1134 1174; x_wconf 89' lang='lat' dir='ltr'>opprimendas</span> <span class='ocrx_word' id='word_1_36' title='bbox 1157 1111 1210 1155; x_wconf 88' lang='lat' dir='ltr'>eas</span> <span class='ocrx_word' id='word_1_37' title='bbox 1233 1091 1400 1176; x_wconf 88' lang='lat' dir='ltr'>opiniones</span> 
     </span>
     <span class='ocr_line' id='line_1_7' title="bbox 331 1199 1189 1291; baseline -0.001 -22"><span class='ocrx_word' id='word_1_38' title='bbox 331 1225 411 1291; x_wconf 89' lang='lat' dir='ltr'>quas</span> <span class='ocrx_word' id='word_1_39' title='bbox 434 1201 546 1267; x_wconf 90' lang='lat' dir='ltr'>solidis</span> <span class='ocrx_word' id='word_1_40' title='bbox 568 1199 748 1266; x_wconf 88' lang='lat' dir='ltr'>rationibus</span> <span class='ocrx_word' id='word_1_41' title='bbox 772 1200 961 1288; x_wconf 80' lang='lat' dir='ltr'>redarguere</span> <span class='ocrx_word' id='word_1_42' title='bbox 982 1201 1114 1268; x_wconf 91' lang='lat' dir='ltr'>difficile</span> <span class='ocrx_word' id='word_1_43' title='bbox 1138 1203 1189 1268; x_wconf 90' lang='lat' dir='ltr'>ait.</span> 
     </span>
    </p>

    <p class='ocr_par' dir='ltr' id='par_1_3' title="bbox 376 1312 1401 1414">
     <span class='ocr_line' id='line_1_8' title="bbox 376 1312 1401 1414; baseline 0.002 -34"><span class='ocrx_word' id='word_1_44' title='bbox 376 1317 416 1380; x_wconf 90' lang='lat' dir='ltr'>ln</span> <span class='ocrx_word' id='word_1_45' title='bbox 450 1315 510 1380; x_wconf 92' lang='lat' dir='ltr'>hae</span> <span class='ocrx_word' id='word_1_46' title='bbox 545 1313 646 1399; x_wconf 89' lang='lat' dir='ltr'>igitur</span> <span class='ocrx_word' id='word_1_47' title='bbox 676 1312 787 1414; x_wconf 84' lang='lat' dir='ltr'>fabula</span> <span class='ocrx_word' id='word_1_48' title='bbox 823 1313 989 1397; x_wconf 81' lang='lat' dir='ltr'>Socrates,</span> <span class='ocrx_word' id='word_1_49' title='bbox 1019 1315 1110 1400; x_wconf 88' lang='lat' dir='ltr'>cujus</span> <span class='ocrx_word' id='word_1_50' title='bbox 1135 1316 1265 1382; x_wconf 92' lang='lat' dir='ltr'>nomine</span> <span class='ocrx_word' id='word_1_51' title='bbox 1289 1339 1401 1383; x_wconf 90' lang='lat' dir='ltr'>omnes</span> 
     </span>
    </p>
   </div>
   <div class='ocr_carea' id='block_1_3' title="bbox 331 1425 1503 1512">
    <p class='ocr_par' dir='ltr' id='par_1_4' title="bbox 331 1425 1503 1512">
     <span class='ocr_line' id='line_1_9' title="bbox 331 1425 1503 1512; baseline -0.003 -17"><span class='ocrx_word' id='word_1_52' title='bbox 331 1428 471 1495; x_wconf 88' lang='lat' dir='ltr'>asseclae</span> <span class='ocrx_word' id='word_1_53' title='bbox 495 1425 719 1511; x_wconf 85' lang='lat' dir='ltr'>philosophiae</span> <span class='ocrx_word' id='word_1_54' title='bbox 742 1425 880 1491; x_wconf 90' lang='lat' dir='ltr'>recentis</span> <span class='ocrx_word' id='word_1_55' title='bbox 904 1426 1071 1512; x_wconf 88' lang='lat' dir='ltr'>agitantur</span> <span class='ocrx_word' id='word_1_56' title='bbox 1088 1434 1110 1509; x_wconf 88' lang='lat'>¹,</span> <span class='ocrx_word' id='word_1_57' title='bbox 1136 1427 1327 1494; x_wconf 89' lang='lat' dir='ltr'>describitur</span> <span class='ocrx_word' id='word_1_58' title='bbox 1350 1430 1399 1494; x_wconf 91' lang='lat' dir='ltr'>di·</span> <span class='ocrx_word' id='word_1_59' title='bbox 1500 1458 1503 1469; x_wconf 91' lang='lat'>·</span> 
     </span>
    </p>
   </div>
   <div class='ocr_carea' id='block_1_4' title="bbox 318 1539 1400 2305">
    <p class='ocr_par' dir='ltr' id='par_1_5' title="bbox 318 1539 1400 2305">
     <span class='ocr_line' id='line_1_10' title="bbox 331 1539 1400 1628; baseline 0 -20"><span class='ocrx_word' id='word_1_60' title='bbox 331 1543 426 1609; x_wconf 86' lang='lat' dir='ltr'>sertis</span> <span class='ocrx_word' id='word_1_61' title='bbox 439 1540 544 1607; x_wconf 92' lang='lat' dir='ltr'>verbis</span> <span class='ocrx_word' id='word_1_62' title='bbox 557 1544 593 1605; x_wconf 90' lang='lat' dir='ltr'>ut</span> <span class='ocrx_word' id='word_1_63' title='bbox 607 1540 741 1605; x_wconf 90' lang='lat' dir='ltr'>deorum</span> <span class='ocrx_word' id='word_1_64' title='bbox 749 1546 937 1605; x_wconf 87' lang='lat' dir='ltr'>contemtor.</span> <span class='ocrx_word' id='word_1_65' title='bbox 969 1539 1186 1628; x_wconf 82' lang='lat' dir='ltr'>Quaecunque</span> <span class='ocrx_word' id='word_1_66' title='bbox 1200 1542 1314 1606; x_wconf 90' lang='lat' dir='ltr'>veroin</span> <span class='ocrx_word' id='word_1_67' title='bbox 1326 1565 1400 1608; x_wconf 92' lang='lat' dir='ltr'>eum</span> 
     </span>
     <span class='ocr_line' id='line_1_11' title="bbox 330 1651 1400 1736; baseline 0.002 -17"><span class='ocrx_word' id='word_1_68' title='bbox 330 1655 483 1721; x_wconf 91' lang='lat' dir='ltr'>dicuntur</span> <span class='ocrx_word' id='word_1_69' title='bbox 491 1701 500 1736; x_wconf 96' lang='lat'>,</span> <span class='ocrx_word' id='word_1_70' title='bbox 521 1653 642 1718; x_wconf 89' lang='lat' dir='ltr'>eadunt</span> <span class='ocrx_word' id='word_1_71' title='bbox 659 1651 757 1717; x_wconf 89' lang='lat' dir='ltr'>etiam</span> <span class='ocrx_word' id='word_1_72' title='bbox 770 1651 803 1715; x_wconf 91' lang='lat' dir='ltr'>in</span> <span class='ocrx_word' id='word_1_73' title='bbox 818 1651 1009 1736; x_wconf 85' lang='lat' dir='ltr'>Euripidem</span> <span class='ocrx_word' id='word_1_74' title='bbox 1018 1657 1043 1736; x_wconf 71' lang='lat'>⁹,</span> <span class='ocrx_word' id='word_1_75' title='bbox 1057 1659 1246 1719; x_wconf 89' lang='lat' dir='ltr'>sectatorem</span> <span class='ocrx_word' id='word_1_76' title='bbox 1261 1654 1400 1722; x_wconf 83' lang='lat' dir='ltr'>Socratis</span> 
     </span>
     <span class='ocr_line' id='line_1_12' title="bbox 330 1765 1400 1855; baseline -0.002 -20"><span class='ocrx_word' id='word_1_77' title='bbox 330 1791 427 1855; x_wconf 91' lang='lat' dir='ltr'>quem</span> <span class='ocrx_word' id='word_1_78' title='bbox 448 1768 501 1833; x_wconf 88' lang='lat' dir='ltr'>hie</span> <span class='ocrx_word' id='word_1_79' title='bbox 522 1766 662 1833; x_wconf 87' lang='lat' dir='ltr'>habebat</span> <span class='ocrx_word' id='word_1_80' title='bbox 682 1765 717 1830; x_wconf 95' lang='lat' dir='ltr'>in</span> <span class='ocrx_word' id='word_1_81' title='bbox 740 1767 850 1851; x_wconf 89' lang='lat' dir='ltr'>paucis</span> <span class='ocrx_word' id='word_1_82' title='bbox 876 1787 998 1849; x_wconf 88' lang='lat' dir='ltr'>carum,</span> <span class='ocrx_word' id='word_1_83' title='bbox 1022 1767 1069 1832; x_wconf 93' lang='lat' dir='ltr'>ita</span> <span class='ocrx_word' id='word_1_84' title='bbox 1089 1774 1127 1832; x_wconf 93' lang='lat' dir='ltr'>ut</span> <span class='ocrx_word' id='word_1_85' title='bbox 1150 1767 1272 1834; x_wconf 88' lang='lat' dir='ltr'>feratur</span> <span class='ocrx_word' id='word_1_86' title='bbox 1282 1769 1400 1833; x_wconf 91' lang='lat' dir='ltr'>adiisse</span> 
     </span>
     <span class='ocr_line' id='line_1_13' title="bbox 330 1879 1399 1967; baseline -0.004 -19"><span class='ocrx_word' id='word_1_87' title='bbox 330 1884 493 1950; x_wconf 87' lang='lat' dir='ltr'>theatrum</span> <span class='ocrx_word' id='word_1_88' title='bbox 512 1881 638 1967; x_wconf 91' lang='lat' dir='ltr'>quoties</span> <span class='ocrx_word' id='word_1_89' title='bbox 661 1879 833 1966; x_wconf 83' lang='lat' dir='ltr'>Euripides</span> <span class='ocrx_word' id='word_1_90' title='bbox 845 1901 929 1945; x_wconf 89' lang='lat' dir='ltr'>nova</span> <span class='ocrx_word' id='word_1_91' title='bbox 941 1881 1107 1966; x_wconf 86' lang='lat' dir='ltr'>tragoedia</span> <span class='ocrx_word' id='word_1_92' title='bbox 1118 1886 1265 1966; x_wconf 89' lang='lat' dir='ltr'>certaret,</span> <span class='ocrx_word' id='word_1_93' title='bbox 1276 1881 1399 1966; x_wconf 90' lang='lat' dir='ltr'>alioqui</span> 
     </span>
     <span class='ocr_line' id='line_1_14' title="bbox 329 1971 1397 2080; baseline -0.002 -19"><span class='ocrx_word' id='word_1_94' title='bbox 329 2017 442 2061; x_wconf 86' lang='lat' dir='ltr'>scenae</span> <span class='ocrx_word' id='word_1_95' title='bbox 461 1971 649 2060; x_wconf 77' lang='lat' dir='ltr'>fastidiosus</span> <span class='ocrx_word' id='word_1_96' title='bbox 665 2003 697 2072; x_wconf 82' lang='lat'>³3</span> <span class='ocrx_word' id='word_1_97' title='bbox 721 1993 801 2080; x_wconf 90' lang='lat' dir='ltr'>quin</span> <span class='ocrx_word' id='word_1_98' title='bbox 824 1993 1015 2078; x_wconf 79' lang='lat' dir='ltr'>Euripidem</span> <span class='ocrx_word' id='word_1_99' title='bbox 1038 1994 1073 2058; x_wconf 89' lang='lat' dir='ltr'>in</span> <span class='ocrx_word' id='word_1_100' title='bbox 1096 1994 1295 2061; x_wconf 88' lang='lat' dir='ltr'>carminibus</span> <span class='ocrx_word' id='word_1_101' title='bbox 1316 2015 1397 2079; x_wconf 90' lang='lat' dir='ltr'>pan·</span> 
     </span>
     <span class='ocr_line' id='line_1_15' title="bbox 318 2105 1398 2197; baseline -0.005 -21"><span class='ocrx_word' id='word_1_102' title='bbox 318 2109 444 2197; x_wconf 85' lang='lat' dir='ltr'>gandia</span> <span class='ocrx_word' id='word_1_103' title='bbox 476 2108 648 2175; x_wconf 68' lang='lat' dir='ltr'>assocrate</span> <span class='ocrx_word' id='word_1_104' title='bbox 668 2105 817 2190; x_wconf 88' lang='lat' dir='ltr'>adjutum</span> <span class='ocrx_word' id='word_1_105' title='bbox 841 2106 943 2171; x_wconf 82' lang='lat' dir='ltr'>fuisse</span> <span class='ocrx_word' id='word_1_106' title='bbox 965 2106 1107 2171; x_wconf 88' lang='lat' dir='ltr'>innuunt</span> <span class='ocrx_word' id='word_1_107' title='bbox 1131 2129 1241 2173; x_wconf 89' lang='lat' dir='ltr'>versus</span> <span class='ocrx_word' id='word_1_108' title='bbox 1266 2107 1398 2194; x_wconf 89' lang='lat' dir='ltr'>quidam</span> 
     </span>
     <span class='ocr_line' id='line_1_16' title="bbox 328 2218 1399 2305; baseline -0.006 -16"><span class='ocrx_word' id='word_1_109' title='bbox 328 2221 497 2289; x_wconf 82' lang='lat' dir='ltr'>Teleclidis</span> <span class='ocrx_word' id='word_1_110' title='bbox 519 2225 540 2285; x_wconf 79' lang='lat'>⁴.</span> <span class='ocrx_word' id='word_1_111' title='bbox 589 2219 730 2285; x_wconf 89' lang='lat' dir='ltr'>Etiamsi</span> <span class='ocrx_word' id='word_1_112' title='bbox 768 2219 869 2303; x_wconf 87' lang='lat' dir='ltr'>igitur</span> <span class='ocrx_word' id='word_1_113' title='bbox 907 2239 971 2283; x_wconf 91' lang='lat' dir='ltr'>non</span> <span class='ocrx_word' id='word_1_114' title='bbox 1009 2218 1202 2284; x_wconf 88' lang='lat' dir='ltr'>nominatim</span> <span class='ocrx_word' id='word_1_115' title='bbox 1237 2227 1399 2305; x_wconf 89' lang='lat' dir='ltr'>peteretur</span> 
     </span>
    </p>
   </div>
   <div class='ocr_carea' id='block_1_5' title="bbox 265 2477 1463 4603">
    <p class='ocr_par' dir='ltr' id='par_1_6' title="bbox 313 2477 1399 3438">
     <span class='ocr_line' id='line_1_17' title="bbox 361 2477 1399 2541; baseline -0.002 -13"><span class='ocrx_word' id='word_1_116' title='bbox 361 2480 442 2528; x_wconf 83' lang='grc' dir='ltr'>ιΗοο</span> <span class='ocrx_word' id='word_1_117' title='bbox 466 2478 567 2528; x_wconf 88' lang='lat' dir='ltr'>omnino</span> <span class='ocrx_word' id='word_1_118' title='bbox 592 2478 726 2527; x_wconf 90' lang='lat' dir='ltr'>tenendum</span> <span class='ocrx_word' id='word_1_119' title='bbox 751 2477 772 2525; x_wconf 89' lang='lat' dir='ltr'>ai</span> <span class='ocrx_word' id='word_1_120' title='bbox 797 2477 852 2540; x_wconf 88' lang='lat' dir='ltr'>quis</span> <span class='ocrx_word' id='word_1_121' title='bbox 877 2486 943 2526; x_wconf 86' lang='lat' dir='ltr'>recte</span> <span class='ocrx_word' id='word_1_122' title='bbox 965 2477 1025 2528; x_wconf 87' lang='lat' dir='ltr'>velit</span> <span class='ocrx_word' id='word_1_123' title='bbox 1040 2477 1182 2541; x_wconf 85' lang='lat' dir='ltr'>intelligere</span> <span class='ocrx_word' id='word_1_124' title='bbox 1198 2477 1268 2526; x_wconf 85' lang='lat' dir='ltr'>illam</span> <span class='ocrx_word' id='word_1_125' title='bbox 1286 2478 1399 2527; x_wconf 84' lang='lat' dir='ltr'>festivam</span> 
     </span>
     <span class='ocr_line' id='line_1_18' title="bbox 325 2566 1399 2630; baseline -0.002 -12"><span class='ocrx_word' id='word_1_126' title='bbox 325 2569 477 2618; x_wconf 88' lang='lat' dir='ltr'>comoediam</span> <span class='ocrx_word' id='word_1_127' title='bbox 502 2569 544 2616; x_wconf 87' lang='lat' dir='ltr'>sed</span> <span class='ocrx_word' id='word_1_128' title='bbox 569 2567 595 2615; x_wconf 89' lang='lat' dir='ltr'>in</span> <span class='ocrx_word' id='word_1_129' title='bbox 620 2566 749 2617; x_wconf 85' lang='lat' dir='ltr'>Socratem</span> <span class='ocrx_word' id='word_1_130' title='bbox 774 2566 846 2615; x_wconf 89' lang='lat' dir='ltr'>valde</span> <span class='ocrx_word' id='word_1_131' title='bbox 871 2566 989 2630; x_wconf 88' lang='lat' dir='ltr'>iniquam.</span> <span class='ocrx_word' id='word_1_132' title='bbox 1022 2567 1079 2626; x_wconf 82' lang='lat' dir='ltr'>Quo</span> <span class='ocrx_word' id='word_1_133' title='bbox 1104 2573 1216 2630; x_wconf 90' lang='lat' dir='ltr'>tempore</span> <span class='ocrx_word' id='word_1_134' title='bbox 1241 2567 1326 2616; x_wconf 88' lang='lat' dir='ltr'>Nubes</span> <span class='ocrx_word' id='word_1_135' title='bbox 1342 2577 1399 2616; x_wconf 87' lang='lat' dir='ltr'>sunt</span> 
     </span>
     <span class='ocr_line' id='line_1_19' title="bbox 314 2655 1398 2724; baseline -0.003 -15"><span class='ocrx_word' id='word_1_136' title='bbox 314 2667 407 2724; x_wconf 21' lang='lat' dir='ltr'>lacae,</span> <span class='ocrx_word' id='word_1_137' title='bbox 432 2659 544 2709; x_wconf 82' lang='lat' dir='ltr'>Socrates</span> <span class='ocrx_word' id='word_1_138' title='bbox 563 2657 608 2706; x_wconf 88' lang='lat' dir='ltr'>vix</span> <span class='ocrx_word' id='word_1_139' title='bbox 625 2657 765 2704; x_wconf 83' lang='lat' dir='ltr'>innotuerat</span> <span class='ocrx_word' id='word_1_140' title='bbox 781 2655 945 2718; x_wconf 83' lang='lat' dir='ltr'>Aristophani</span> <span class='ocrx_word' id='word_1_141' title='bbox 961 2656 1009 2704; x_wconf 88' lang='lat' dir='ltr'>nisi</span> <span class='ocrx_word' id='word_1_142' title='bbox 1026 2671 1058 2706; x_wconf 83' lang='lat' dir='ltr'>ex</span> <span class='ocrx_word' id='word_1_143' title='bbox 1074 2656 1158 2719; x_wconf 86' lang='lat' dir='ltr'>populi</span> <span class='ocrx_word' id='word_1_144' title='bbox 1176 2670 1302 2715; x_wconf 89' lang='lat' dir='ltr'>sermone,</span> <span class='ocrx_word' id='word_1_145' title='bbox 1319 2656 1398 2709; x_wconf 89' lang='lat' dir='ltr'>multa</span> 
     </span>
     <span class='ocr_line' id='line_1_20' title="bbox 325 2744 1398 2811; baseline 0 -13"><span class='ocrx_word' id='word_1_146' title='bbox 325 2751 356 2798; x_wconf 89' lang='lat' dir='ltr'>ds</span> <span class='ocrx_word' id='word_1_147' title='bbox 380 2746 430 2796; x_wconf 84' lang='lat' dir='ltr'>viri</span> <span class='ocrx_word' id='word_1_148' title='bbox 453 2747 563 2796; x_wconf 87' lang='lat' dir='ltr'>moribus</span> <span class='ocrx_word' id='word_1_149' title='bbox 588 2760 616 2795; x_wconf 85' lang='lat' dir='ltr'>ac</span> <span class='ocrx_word' id='word_1_150' title='bbox 641 2746 728 2795; x_wconf 86' lang='lat' dir='ltr'>studiis</span> <span class='ocrx_word' id='word_1_151' title='bbox 754 2744 959 2803; x_wconf 86' lang='lat' dir='ltr'>circumferente,</span> <span class='ocrx_word' id='word_1_152' title='bbox 983 2746 1067 2810; x_wconf 89' lang='lat' dir='ltr'>inepta</span> <span class='ocrx_word' id='word_1_153' title='bbox 1083 2746 1228 2811; x_wconf 89' lang='lat' dir='ltr'>plerumque</span> <span class='ocrx_word' id='word_1_154' title='bbox 1244 2757 1270 2797; x_wconf 90' lang='lat' dir='ltr'>et</span> <span class='ocrx_word' id='word_1_155' title='bbox 1286 2748 1398 2808; x_wconf 82' lang='lat' dir='ltr'>mirifica,</span> 
     </span>
     <span class='ocr_line' id='line_1_21' title="bbox 323 2835 1398 2902; baseline 0.001 -17"><span class='ocrx_word' id='word_1_156' title='bbox 323 2838 428 2900; x_wconf 86' lang='lat' dir='ltr'>ideoque</span> <span class='ocrx_word' id='word_1_157' title='bbox 452 2837 542 2886; x_wconf 86' lang='lat' dir='ltr'>risibus</span> <span class='ocrx_word' id='word_1_158' title='bbox 565 2844 650 2899; x_wconf 82' lang='lat' dir='ltr'>eptam</span> <span class='ocrx_word' id='word_1_159' title='bbox 675 2835 818 2900; x_wconf 84' lang='lat' dir='ltr'>praebentia</span> <span class='ocrx_word' id='word_1_160' title='bbox 842 2835 971 2884; x_wconf 86' lang='lat' dir='ltr'>materiem</span> <span class='ocrx_word' id='word_1_161' title='bbox 1002 2836 1053 2898; x_wconf 83' lang='lat' dir='ltr'>(vd.</span> <span class='ocrx_word' id='word_1_162' title='bbox 1077 2836 1146 2886; x_wconf 68' lang='lat' dir='ltr'>Eub.=</span> <span class='ocrx_word' id='word_1_163' title='bbox 1165 2839 1214 2888; x_wconf 82' lang='lat'>362</span> <span class='ocrx_word' id='word_1_164' title='bbox 1239 2835 1294 2901; x_wconf 77' lang='lat' dir='ltr'>sq.);</span> <span class='ocrx_word' id='word_1_165' title='bbox 1319 2853 1398 2902; x_wconf 87' lang='lat' dir='ltr'>nsque</span> 
     </span>
     <span class='ocr_line' id='line_1_22' title="bbox 324 2924 1398 2990; baseline 0 -16"><span class='ocrx_word' id='word_1_166' title='bbox 324 2927 402 2990; x_wconf 89' lang='lat' dir='ltr'>igitur</span> <span class='ocrx_word' id='word_1_167' title='bbox 429 2926 538 2975; x_wconf 88' lang='lat' dir='ltr'>comicus</span> <span class='ocrx_word' id='word_1_168' title='bbox 567 2924 630 2974; x_wconf 84' lang='lat' dir='ltr'>scire</span> <span class='ocrx_word' id='word_1_169' title='bbox 661 2931 759 2988; x_wconf 86' lang='lat' dir='ltr'>poterat</span> <span class='ocrx_word' id='word_1_170' title='bbox 782 2930 873 2987; x_wconf 86' lang='lat' dir='ltr'>quanto</span> <span class='ocrx_word' id='word_1_171' title='bbox 898 2924 1030 2974; x_wconf 83' lang='lat' dir='ltr'>intervallo</span> <span class='ocrx_word' id='word_1_172' title='bbox 1060 2926 1184 2990; x_wconf 87' lang='lat' dir='ltr'>sophistae</span> <span class='ocrx_word' id='word_1_173' title='bbox 1208 2933 1234 2975; x_wconf 89' lang='lat' dir='ltr'>et</span> <span class='ocrx_word' id='word_1_174' title='bbox 1259 2941 1332 2976; x_wconf 84' lang='lat' dir='ltr'>verae</span> <span class='ocrx_word' id='word_1_175' title='bbox 1360 2927 1398 2975; x_wconf 91' lang='lat' dir='ltr'>hic</span> 
     </span>
     <span class='ocr_line' id='line_1_23' title="bbox 323 3014 1398 3080; baseline 0.001 -16"><span class='ocrx_word' id='word_1_176' title='bbox 323 3015 460 3079; x_wconf 85' lang='lat' dir='ltr'>sapientiae</span> <span class='ocrx_word' id='word_1_177' title='bbox 476 3022 582 3064; x_wconf 83' lang='lat' dir='ltr'>sectator</span> <span class='ocrx_word' id='word_1_178' title='bbox 599 3030 614 3063; x_wconf 97' lang='lat' dir='ltr'>a</span> <span class='ocrx_word' id='word_1_179' title='bbox 630 3028 655 3063; x_wconf 90' lang='lat' dir='ltr'>se</span> <span class='ocrx_word' id='word_1_180' title='bbox 672 3014 781 3062; x_wconf 86' lang='lat' dir='ltr'>invicem</span> <span class='ocrx_word' id='word_1_181' title='bbox 797 3014 923 3064; x_wconf 85' lang='lat' dir='ltr'>distarent.</span> <span class='ocrx_word' id='word_1_182' title='bbox 951 3015 1011 3064; x_wconf 86' lang='lat' dir='ltr'>Alia</span> <span class='ocrx_word' id='word_1_183' title='bbox 1024 3016 1121 3065; x_wconf 85' lang='lat' dir='ltr'>ratione</span> <span class='ocrx_word' id='word_1_184' title='bbox 1129 3015 1248 3079; x_wconf 85' lang='lat' dir='ltr'>explicari</span> <span class='ocrx_word' id='word_1_185' title='bbox 1256 3017 1343 3080; x_wconf 89' lang='lat' dir='ltr'>nequit</span> <span class='ocrx_word' id='word_1_186' title='bbox 1352 3031 1398 3066; x_wconf 90' lang='lat' dir='ltr'>cnr</span> 
     </span>
     <span class='ocr_line' id='line_1_24' title="bbox 323 3103 1397 3167; baseline 0.002 -16"><span class='ocrx_word' id='word_1_187' title='bbox 323 3105 389 3154; x_wconf 82' lang='lat' dir='ltr'>(licat</span> <span class='ocrx_word' id='word_1_188' title='bbox 412 3105 536 3164; x_wconf 88' lang='lat' dir='ltr'>comicus,</span> <span class='ocrx_word' id='word_1_189' title='bbox 561 3105 689 3155; x_wconf 85' lang='lat' dir='ltr'>Socratem</span> <span class='ocrx_word' id='word_1_190' title='bbox 705 3103 878 3167; x_wconf 87' lang='lat' dir='ltr'>praesentibus</span> <span class='ocrx_word' id='word_1_191' title='bbox 896 3104 1003 3152; x_wconf 88' lang='lat' dir='ltr'>nummis</span> <span class='ocrx_word' id='word_1_192' title='bbox 1018 3105 1107 3153; x_wconf 87' lang='lat' dir='ltr'>docere</span> <span class='ocrx_word' id='word_1_193' title='bbox 1123 3106 1297 3154; x_wconf 86' lang='lat' dir='ltr'>veteratoriam</span> <span class='ocrx_word' id='word_1_194' title='bbox 1314 3105 1397 3154; x_wconf 88' lang='lat' dir='ltr'>facun-</span> 
     </span>
     <span class='ocr_line' id='line_1_25' title="bbox 313 3193 1398 3260; baseline 0 -17"><span class='ocrx_word' id='word_1_195' title='bbox 313 3194 390 3243; x_wconf 86' lang='lat' dir='ltr'>diam</span> <span class='ocrx_word' id='word_1_196' title='bbox 406 3193 482 3256; x_wconf 83' lang='lat' dir='ltr'>(Nub.</span> <span class='ocrx_word' id='word_1_197' title='bbox 499 3196 532 3244; x_wconf 83' lang='grc'>98</span> <span class='ocrx_word' id='word_1_198' title='bbox 547 3208 591 3257; x_wconf 72' lang='lat' dir='ltr'>sq„</span> <span class='ocrx_word' id='word_1_199' title='bbox 607 3195 637 3242; x_wconf 90' lang='lat' dir='ltr'>ad</span> <span class='ocrx_word' id='word_1_200' title='bbox 654 3208 729 3257; x_wconf 88' lang='lat' dir='ltr'>quem</span> <span class='ocrx_word' id='word_1_201' title='bbox 745 3194 828 3242; x_wconf 87' lang='lat' dir='ltr'>locum</span> <span class='ocrx_word' id='word_1_202' title='bbox 845 3207 905 3242; x_wconf 86' lang='lat' dir='ltr'>vera</span> <span class='ocrx_word' id='word_1_203' title='bbox 920 3194 1044 3257; x_wconf 85' lang='lat' dir='ltr'>quaedam</span> <span class='ocrx_word' id='word_1_204' title='bbox 1055 3194 1335 3260; x_wconf 36' lang='lat' dir='ltr'>,observatscholiastap</span> <span class='ocrx_word' id='word_1_205' title='bbox 1353 3203 1398 3244; x_wconf 85' lang='lat' dir='ltr'>aut</span> 
     </span>
     <span class='ocr_line' id='line_1_26' title="bbox 321 3281 1396 3349; baseline 0.003 -18"><span class='ocrx_word' id='word_1_206' title='bbox 321 3297 366 3332; x_wconf 89' lang='lat' dir='ltr'>cnr</span> <span class='ocrx_word' id='word_1_207' title='bbox 389 3289 441 3330; x_wconf 86' lang='lat' dir='ltr'>tam</span> <span class='ocrx_word' id='word_1_208' title='bbox 458 3281 550 3331; x_wconf 89' lang='lat' dir='ltr'>multus</span> <span class='ocrx_word' id='word_1_209' title='bbox 567 3282 640 3330; x_wconf 85' lang='lat' dir='ltr'>sitin</span> <span class='ocrx_word' id='word_1_210' title='bbox 657 3282 797 3331; x_wconf 90' lang='lat' dir='ltr'>deridendis</span> <span class='ocrx_word' id='word_1_211' title='bbox 814 3282 902 3330; x_wconf 87' lang='lat' dir='ltr'>studiis</span> <span class='ocrx_word' id='word_1_212' title='bbox 919 3282 1119 3347; x_wconf 87' lang='lat' dir='ltr'>meteorologicis</span> <span class='ocrx_word' id='word_1_213' title='bbox 1136 3293 1162 3332; x_wconf 87' lang='lat' dir='ltr'>et</span> <span class='ocrx_word' id='word_1_214' title='bbox 1177 3284 1295 3348; x_wconf 84' lang='lat' dir='ltr'>physicis,</span> <span class='ocrx_word' id='word_1_215' title='bbox 1311 3285 1396 3349; x_wconf 88' lang='lat' dir='ltr'>quibus</span> 
     </span>
     <span class='ocr_line' id='line_1_27' title="bbox 322 3369 1263 3438; baseline 0.003 -17"><span class='ocrx_word' id='word_1_216' title='bbox 322 3372 436 3421; x_wconf 87' lang='lat' dir='ltr'>Socrates</span> <span class='ocrx_word' id='word_1_217' title='bbox 452 3369 531 3418; x_wconf 87' lang='lat' dir='ltr'>multo</span> <span class='ocrx_word' id='word_1_218' title='bbox 547 3370 669 3420; x_wconf 89' lang='lat' dir='ltr'>minorem</span> <span class='ocrx_word' id='word_1_219' title='bbox 686 3384 787 3433; x_wconf 87' lang='lat' dir='ltr'>operam</span> <span class='ocrx_word' id='word_1_220' title='bbox 803 3369 872 3419; x_wconf 87' lang='lat' dir='ltr'>dedit</span> <span class='ocrx_word' id='word_1_221' title='bbox 889 3385 962 3434; x_wconf 88' lang='lat' dir='ltr'>quam</span> <span class='ocrx_word' id='word_1_222' title='bbox 979 3372 1146 3435; x_wconf 81' lang='lat' dir='ltr'>Anaxagoras</span> <span class='ocrx_word' id='word_1_223' title='bbox 1163 3373 1263 3438; x_wconf 88' lang='lat' dir='ltr'>aliique.</span> 
     </span>
    </p>

    <p class='ocr_par' dir='ltr' id='par_1_7' title="bbox 322 3441 1396 3611">
     <span class='ocr_line' id='line_1_28' title="bbox 354 3441 1396 3528; baseline 0.006 -20"><span class='ocrx_word' id='word_1_224' title='bbox 354 3459 425 3508; x_wconf 85' lang='lat' dir='ltr'>Haec</span> <span class='ocrx_word' id='word_1_225' title='bbox 448 3458 558 3508; x_wconf 83' lang='lat' dir='ltr'>breviter</span> <span class='ocrx_word' id='word_1_226' title='bbox 582 3465 607 3508; x_wconf 91' lang='lat' dir='ltr'>et</span> <span class='ocrx_word' id='word_1_227' title='bbox 631 3459 657 3508; x_wconf 91' lang='lat' dir='ltr'>in</span> <span class='ocrx_word' id='word_1_228' title='bbox 683 3459 787 3508; x_wconf 85' lang='lat' dir='ltr'>transitu</span> <span class='ocrx_word' id='word_1_229' title='bbox 810 3461 935 3510; x_wconf 85' lang='lat' dir='ltr'>natavisse</span> <span class='ocrx_word' id='word_1_230' title='bbox 952 3461 1067 3510; x_wconf 82' lang='lat' dir='ltr'>sufficiat.</span> <span class='ocrx_word' id='word_1_231' title='bbox 1101 3463 1215 3514; x_wconf 90' lang='lat' dir='ltr'>Perbene</span> <span class='ocrx_word' id='word_1_232' title='bbox 1232 3441 1287 3514; x_wconf 83' lang='lat' dir='ltr'>uieo</span> <span class='ocrx_word' id='word_1_233' title='bbox 1300 3465 1396 3528; x_wconf 89' lang='lat' dir='ltr'>jndicio</span> 
     </span>
     <span class='ocr_line' id='line_1_29' title="bbox 322 3546 1300 3611; baseline 0.005 -13"><span class='ocrx_word' id='word_1_234' title='bbox 322 3547 432 3598; x_wconf 85' lang='lat' dir='ltr'>Koekius</span> <span class='ocrx_word' id='word_1_235' title='bbox 449 3562 502 3597; x_wconf 92' lang='lat' dir='ltr'>rem</span> <span class='ocrx_word' id='word_1_236' title='bbox 518 3548 635 3610; x_wconf 87' lang='lat' dir='ltr'>exposuit</span> <span class='ocrx_word' id='word_1_237' title='bbox 650 3548 677 3596; x_wconf 91' lang='lat' dir='ltr'>in</span> <span class='ocrx_word' id='word_1_238' title='bbox 694 3546 875 3611; x_wconf 86' lang='lat' dir='ltr'>prolegomenis</span> <span class='ocrx_word' id='word_1_239' title='bbox 892 3551 923 3597; x_wconf 90' lang='lat' dir='ltr'>ad</span> <span class='ocrx_word' id='word_1_240' title='bbox 940 3564 1012 3598; x_wconf 90' lang='lat' dir='ltr'>suam</span> <span class='ocrx_word' id='word_1_241' title='bbox 1028 3550 1141 3600; x_wconf 77' lang='lat' dir='ltr'>Euhium</span> <span class='ocrx_word' id='word_1_242' title='bbox 1157 3553 1300 3604; x_wconf 87' lang='lat' dir='ltr'>editionem.</span> 
     </span>
    </p>

    <p class='ocr_par' dir='ltr' id='par_1_8' title="bbox 320 3637 1463 4066">
     <span class='ocr_line' id='line_1_30' title="bbox 354 3637 1395 3710; baseline 0.009 -22"><span class='ocrx_word' id='word_1_243' title='bbox 354 3637 521 3688; x_wconf 74' lang='lat' dir='ltr'>’Bernhard</span> <span class='ocrx_word' id='word_1_244' title='bbox 545 3637 571 3685; x_wconf 91' lang='lat' dir='ltr'>ll.</span> <span class='ocrx_word' id='word_1_245' title='bbox 596 3652 653 3702; x_wconf 88' lang='lat' dir='ltr'>pag.</span> <span class='ocrx_word' id='word_1_246' title='bbox 678 3640 728 3687; x_wconf 73' lang='lat'>404</span> <span class='ocrx_word' id='word_1_247' title='bbox 753 3639 824 3688; x_wconf 71' lang='lat' dir='ltr'>infr:</span> <span class='ocrx_word' id='word_1_248' title='bbox 853 3639 925 3690; x_wconf 85' lang='lat' dir='ltr'>“ihre</span> <span class='ocrx_word' id='word_1_249' title='bbox 948 3641 1065 3704; x_wconf 84' lang='lat' dir='ltr'>(Socratis</span> <span class='ocrx_word' id='word_1_250' title='bbox 1082 3652 1107 3693; x_wconf 90' lang='lat' dir='ltr'>et</span> <span class='ocrx_word' id='word_1_251' title='bbox 1123 3645 1261 3710; x_wconf 86' lang='lat' dir='ltr'>Euripidis)</span> <span class='ocrx_word' id='word_1_252' title='bbox 1279 3646 1395 3697; x_wconf 88' lang='lat' dir='ltr'>Gemein-</span> 
     </span>
     <span class='ocr_line' id='line_1_31' title="bbox 320 3726 1395 3794; baseline 0.005 -16"><span class='ocrx_word' id='word_1_253' title='bbox 320 3727 400 3778; x_wconf 82' lang='lat' dir='ltr'>achaft</span> <span class='ocrx_word' id='word_1_254' title='bbox 425 3727 458 3776; x_wconf 85' lang='lat' dir='ltr'>ist</span> <span class='ocrx_word' id='word_1_255' title='bbox 482 3726 522 3776; x_wconf 89' lang='lat' dir='ltr'>die</span> <span class='ocrx_word' id='word_1_256' title='bbox 546 3727 753 3792; x_wconf 80' lang='lat' dir='ltr'>Voraussetaung</span> <span class='ocrx_word' id='word_1_257' title='bbox 778 3729 818 3777; x_wconf 83' lang='lat' dir='ltr'>fiir</span> <span class='ocrx_word' id='word_1_258' title='bbox 844 3731 892 3779; x_wconf 88' lang='lat' dir='ltr'>den</span> <span class='ocrx_word' id='word_1_259' title='bbox 916 3745 1013 3794; x_wconf 86' lang='lat' dir='ltr'>ganzen</span> <span class='ocrx_word' id='word_1_260' title='bbox 1036 3733 1093 3782; x_wconf 90' lang='lat' dir='ltr'>Bau</span> <span class='ocrx_word' id='word_1_261' title='bbox 1119 3735 1162 3782; x_wconf 90' lang='lat' dir='ltr'>der</span> <span class='ocrx_word' id='word_1_262' title='bbox 1178 3735 1277 3794; x_wconf 86' lang='lat' dir='ltr'>Nubes,</span> <span class='ocrx_word' id='word_1_263' title='bbox 1294 3750 1334 3784; x_wconf 88' lang='lat' dir='ltr'>wo</span> <span class='ocrx_word' id='word_1_264' title='bbox 1350 3735 1395 3783; x_wconf 90' lang='lat' dir='ltr'>mit</span> 
     </span>
     <span class='ocr_line' id='line_1_32' title="bbox 320 3792 1463 3887; baseline 0.003 -21"><span class='ocrx_word' id='word_1_265' title='bbox 320 3815 526 3866; x_wconf 81' lang='lat' dir='ltr'>kiinstlerischam</span> <span class='ocrx_word' id='word_1_266' title='bbox 552 3815 624 3867; x_wconf 84' lang='lat' dir='ltr'>Geist</span> <span class='ocrx_word' id='word_1_267' title='bbox 650 3831 693 3866; x_wconf 87' lang='lat' dir='ltr'>aus</span> <span class='ocrx_word' id='word_1_268' title='bbox 719 3817 809 3867; x_wconf 87' lang='lat' dir='ltr'>beiden</span> <span class='ocrx_word' id='word_1_269' title='bbox 833 3819 994 3879; x_wconf 68' lang='lat' dir='ltr'>Indiuiduem</span> <span class='ocrx_word' id='word_1_270' title='bbox 1021 3820 1136 3871; x_wconf 84' lang='lat' dir='ltr'>Socrates</span> <span class='ocrx_word' id='word_1_271' title='bbox 1166 3823 1225 3872; x_wconf 91' lang='lat' dir='ltr'>dem</span> <span class='ocrx_word' id='word_1_272' title='bbox 1242 3822 1395 3887; x_wconf 83' lang='lat' dir='ltr'>practischen</span> <span class='ocrx_word' id='word_1_273' title='bbox 1457 3792 1463 3816; x_wconf 67' lang='lat' dir='ltr'>s</span> 
     </span>
     <span class='ocr_line' id='line_1_33' title="bbox 321 3906 1394 3972; baseline 0.005 -15"><span class='ocrx_word' id='word_1_274' title='bbox 321 3907 459 3972; x_wconf 89' lang='lat' dir='ltr'>Sprecher,</span> <span class='ocrx_word' id='word_1_275' title='bbox 484 3906 617 3969; x_wconf 89' lang='lat' dir='ltr'>Euripides</span> <span class='ocrx_word' id='word_1_276' title='bbox 641 3908 699 3956; x_wconf 89' lang='lat' dir='ltr'>dem</span> <span class='ocrx_word' id='word_1_277' title='bbox 724 3907 857 3957; x_wconf 87' lang='lat' dir='ltr'>Vertretar</span> <span class='ocrx_word' id='word_1_278' title='bbox 880 3910 924 3957; x_wconf 89' lang='lat' dir='ltr'>des</span> <span class='ocrx_word' id='word_1_279' title='bbox 949 3909 1063 3972; x_wconf 86' lang='lat' dir='ltr'>Dogmas</span> <span class='ocrx_word' id='word_1_280' title='bbox 1087 3913 1138 3960; x_wconf 91' lang='lat' dir='ltr'>und</span> <span class='ocrx_word' id='word_1_281' title='bbox 1154 3913 1198 3962; x_wconf 86' lang='lat' dir='ltr'>der</span> <span class='ocrx_word' id='word_1_282' title='bbox 1215 3912 1332 3972; x_wconf 81' lang='lat' dir='ltr'>Theorie,</span> <span class='ocrx_word' id='word_1_283' title='bbox 1349 3913 1394 3962; x_wconf 82' lang='lat' dir='ltr'>das</span> 
     </span>
     <span class='ocr_line' id='line_1_34' title="bbox 320 3996 1389 4066; baseline 0.005 -20"><span class='ocrx_word' id='word_1_284' title='bbox 320 3997 379 4046; x_wconf 91' lang='lat' dir='ltr'>Bild</span> <span class='ocrx_word' id='word_1_285' title='bbox 400 3996 469 4046; x_wconf 88' lang='lat' dir='ltr'>einer</span> <span class='ocrx_word' id='word_1_286' title='bbox 485 3997 632 4046; x_wconf 89' lang='lat' dir='ltr'>schlimmen</span> <span class='ocrx_word' id='word_1_287' title='bbox 649 3997 842 4048; x_wconf 82' lang='lat' dir='ltr'>Atterweisheit</span> <span class='ocrx_word' id='word_1_288' title='bbox 858 3999 967 4062; x_wconf 84' lang='lat' dir='ltr'>gasormt</span> <span class='ocrx_word' id='word_1_289' title='bbox 983 4000 1070 4050; x_wconf 81' lang='lat' dir='ltr'>wird.”</span> <span class='ocrx_word' id='word_1_290' title='bbox 1103 4001 1144 4053; x_wconf 76' lang='lat' dir='ltr'>Cf.</span> <span class='ocrx_word' id='word_1_291' title='bbox 1160 4003 1236 4050; x_wconf 87' lang='lat' dir='ltr'>etiam</span> <span class='ocrx_word' id='word_1_292' title='bbox 1252 4018 1312 4066; x_wconf 83' lang='lat' dir='ltr'>pag.</span> <span class='ocrx_word' id='word_1_293' title='bbox 1329 4005 1389 4056; x_wconf 79' lang='grc'>647.</span> 
     </span>
    </p>

    <p class='ocr_par' dir='ltr' id='par_1_9' title="bbox 265 4086 1394 4513">
     <span class='ocr_line' id='line_1_35' title="bbox 352 4086 1394 4156; baseline 0.003 -19"><span class='ocrx_word' id='word_1_294' title='bbox 352 4086 481 4137; x_wconf 78' lang='lat' dir='ltr'>³Aelian.</span> <span class='ocrx_word' id='word_1_295' title='bbox 507 4088 571 4137; x_wconf 85' lang='lat' dir='ltr'>Var.</span> <span class='ocrx_word' id='word_1_296' title='bbox 595 4089 629 4139; x_wconf 83' lang='lat' dir='ltr'>H.</span> <span class='ocrx_word' id='word_1_297' title='bbox 654 4089 697 4138; x_wconf 84' lang='lat'>11:</span> <span class='ocrx_word' id='word_1_298' title='bbox 723 4089 765 4137; x_wconf 82' lang='lat'>13:</span> <span class='ocrx_word' id='word_1_299' title='bbox 788 4088 843 4138; x_wconf 77' lang='grc' dir='ltr'>ὁδὶ</span> <span class='ocrx_word' id='word_1_300' title='bbox 864 4090 995 4153; x_wconf 80' lang='grc' dir='ltr'>Σωκράτης</span> <span class='ocrx_word' id='word_1_301' title='bbox 1012 4089 1125 4141; x_wconf 85' lang='grc' dir='ltr'>σπάνιον</span> <span class='ocrx_word' id='word_1_302' title='bbox 1140 4092 1187 4154; x_wconf 75' lang='grc' dir='ltr'>μὲν</span> <span class='ocrx_word' id='word_1_303' title='bbox 1203 4091 1324 4156; x_wconf 70' lang='grc' dir='ltr'>ἐπεφοίτα</span> <span class='ocrx_word' id='word_1_304' title='bbox 1340 4096 1394 4150; x_wconf 83' lang='grc' dir='ltr'>τοῖς</span> 
     </span>
     <span class='ocr_line' id='line_1_36' title="bbox 319 4176 1393 4244; baseline 0.004 -18"><span class='ocrx_word' id='word_1_305' title='bbox 319 4176 446 4241; x_wconf 76' lang='grc' dir='ltr'>θεάτροις,</span> <span class='ocrx_word' id='word_1_306' title='bbox 469 4179 552 4227; x_wconf 76' lang='grc' dir='ltr'>εἴποτε</span> <span class='ocrx_word' id='word_1_307' title='bbox 572 4177 596 4228; x_wconf 78' lang='grc' dir='ltr'>δὲ</span> <span class='ocrx_word' id='word_1_308' title='bbox 615 4177 753 4242; x_wconf 75' lang='grc' dir='ltr'>Εὐριπίδης</span> <span class='ocrx_word' id='word_1_309' title='bbox 770 4177 783 4226; x_wconf 82' lang='grc' dir='ltr'><strong>ὁ</strong></span> <span class='ocrx_word' id='word_1_310' title='bbox 801 4181 848 4237; x_wconf 81' lang='grc' dir='ltr'>τῆς</span> <span class='ocrx_word' id='word_1_311' title='bbox 865 4177 1004 4243; x_wconf 76' lang='grc' dir='ltr'>τραγῳδίας</span> <span class='ocrx_word' id='word_1_312' title='bbox 1022 4180 1129 4240; x_wconf 82' lang='grc' dir='ltr'>ποιητὴς</span> <span class='ocrx_word' id='word_1_313' title='bbox 1145 4179 1283 4244; x_wconf 71' lang='grc' dir='ltr'>ἠγωνίζετο</span> <span class='ocrx_word' id='word_1_314' title='bbox 1296 4185 1393 4238; x_wconf 81' lang='grc' dir='ltr'>κοινοῖς</span> 
     </span>
     <span class='ocr_line' id='line_1_37' title="bbox 320 4266 1388 4333; baseline -0.004 -15"><span class='ocrx_word' id='word_1_315' title='bbox 320 4266 470 4333; x_wconf 82' lang='grc' dir='ltr'>τραγῳδοῖς,</span> <span class='ocrx_word' id='word_1_316' title='bbox 488 4269 543 4318; x_wconf 69' lang='grc' dir='ltr'>τοτε</span> <span class='ocrx_word' id='word_1_317' title='bbox 561 4287 587 4333; x_wconf 87' lang='grc' dir='ltr'>γε</span> <span class='ocrx_word' id='word_1_318' title='bbox 605 4268 741 4333; x_wconf 78' lang='grc' dir='ltr'>ἀφικνεῖτο.</span> <span class='ocrx_word' id='word_1_319' title='bbox 775 4269 815 4318; x_wconf 90' lang='lat' dir='ltr'>De</span> <span class='ocrx_word' id='word_1_320' title='bbox 831 4268 914 4317; x_wconf 87' lang='lat' dir='ltr'>verbis</span> <span class='ocrx_word' id='word_1_321' title='bbox 930 4282 993 4331; x_wconf 89' lang='lat' dir='ltr'>quae</span> <span class='ocrx_word' id='word_1_322' title='bbox 1010 4274 1148 4331; x_wconf 88' lang='lat' dir='ltr'>sequuntur</span> <span class='ocrx_word' id='word_1_323' title='bbox 1164 4267 1345 4319; x_wconf 85' lang='lat' dir='ltr'>obscurioribus</span> <span class='ocrx_word' id='word_1_324' title='bbox 1352 4268 1388 4317; x_wconf 86' lang='lat' dir='ltr'>cf.</span> 
     </span>
     <span class='ocr_line' id='line_1_38' title="bbox 265 4357 861 4423; baseline -0.002 -16"><span class='ocrx_word' id='word_1_325' title='bbox 265 4381 269 4390; x_wconf 93' lang='lat'>·</span> <span class='ocrx_word' id='word_1_326' title='bbox 320 4357 442 4407; x_wconf 81' lang='lat' dir='ltr'>Valcken.</span> <span class='ocrx_word' id='word_1_327' title='bbox 459 4358 544 4408; x_wconf 86' lang='lat' dir='ltr'>Diatr.</span> <span class='ocrx_word' id='word_1_328' title='bbox 560 4359 624 4408; x_wconf 86' lang='lat' dir='ltr'>Eur.</span> <span class='ocrx_word' id='word_1_329' title='bbox 641 4374 694 4423; x_wconf 87' lang='lat' dir='ltr'>cap.</span> <span class='ocrx_word' id='word_1_330' title='bbox 712 4360 728 4407; x_wconf 83' lang='lat'><strong>2</strong></span> <span class='ocrx_word' id='word_1_331' title='bbox 744 4374 802 4423; x_wconf 81' lang='lat' dir='ltr'>pag.</span> <span class='ocrx_word' id='word_1_332' title='bbox 822 4359 861 4407; x_wconf 78' lang='lat'>14.</span> 
     </span>
     <span class='ocr_line' id='line_1_39' title="bbox 352 4445 1201 4513; baseline -0.004 -17"><span class='ocrx_word' id='word_1_333' title='bbox 352 4448 362 4478; x_wconf 84' lang='lat'><strong>⁴</strong></span> <span class='ocrx_word' id='word_1_334' title='bbox 453 4448 616 4513; x_wconf 80' lang='grc' dir='ltr'>Μνησίλοχός</span> <span class='ocrx_word' id='word_1_335' title='bbox 633 4448 683 4499; x_wconf 77' lang='grc' dir='ltr'>ἐστ’</span> <span class='ocrx_word' id='word_1_336' title='bbox 700 4450 807 4510; x_wconf 80' lang='grc' dir='ltr'>ἐκεῖνος,</span> <span class='ocrx_word' id='word_1_337' title='bbox 824 4449 853 4506; x_wconf 85' lang='grc' dir='ltr'>ὃς</span> <span class='ocrx_word' id='word_1_338' title='bbox 870 4446 956 4512; x_wconf 78' lang='grc' dir='ltr'>φράγει</span> <span class='ocrx_word' id='word_1_339' title='bbox 973 4466 996 4496; x_wconf 87' lang='grc' dir='ltr'>τι</span> <span class='ocrx_word' id='word_1_340' title='bbox 1013 4445 1096 4511; x_wconf 81' lang='grc' dir='ltr'>δρᾶμα</span> <span class='ocrx_word' id='word_1_341' title='bbox 1113 4445 1201 4494; x_wconf 83' lang='grc' dir='ltr'>καινὸν</span> 
     </span>
    </p>

    <p class='ocr_par' dir='ltr' id='par_1_10' title="bbox 454 4534 1150 4603">
     <span class='ocr_line' id='line_1_40' title="bbox 454 4534 1150 4603; baseline -0.001 -19"><span class='ocrx_word' id='word_1_342' title='bbox 454 4534 590 4600; x_wconf 70' lang='grc' dir='ltr'>Εὐριπίδῃ,</span> <span class='ocrx_word' id='word_1_343' title='bbox 608 4537 650 4586; x_wconf 78' lang='grc' dir='ltr'>καί</span> <span class='ocrx_word' id='word_1_344' title='bbox 668 4539 800 4603; x_wconf 79' lang='grc' dir='ltr'>Σωκράτης</span> <span class='ocrx_word' id='word_1_345' title='bbox 817 4539 849 4587; x_wconf 80' lang='grc' dir='ltr'>τὰ</span> <span class='ocrx_word' id='word_1_346' title='bbox 866 4536 973 4602; x_wconf 78' lang='grc' dir='ltr'>φρύγαν’</span> <span class='ocrx_word' id='word_1_347' title='bbox 992 4536 1150 4595; x_wconf 81' lang='grc' dir='ltr'>ὑποτίθησιν.</span> 
     </span>
    </p>
   </div>
   <div class='ocr_carea' id='block_1_6' title="bbox 0 0 1634 5328">
    <p class='ocr_par' dir='ltr' id='par_1_11' title="bbox 0 0 1634 5328">
     <span class='ocr_line' id='line_1_41' title="bbox 0 0 1634 5328; baseline 0 4"><span class='ocrx_word' id='word_1_348' title='bbox 0 0 1634 5328; x_wconf 95' lang='lat' dir='ltr'> </span> 
     </span>
    </p>
   </div>
  </div>
 </body>
</html>
