3284 5338
828 443 870 504 90

309 626 358 692 ita
380 629 418 690 ut
439 624 576 690 habeam
598 623 784 707 verisimile,
808 629 955 709 poetam,
980 629 1140 690 recentem
1168 623 1322 710 injuriam
1344 626 1387 690 ab

308 761 408 806 uxore
437 738 506 824 (vel
540 737 710 818 uxoribus)
750 759 958 824 perpessum,
992 739 1054 804 toti
1087 737 1261 804 mulierum
1293 740 1388 804 sexui

309 853 433 919 bellum
468 851 641 936 indixisse,
678 857 731 933 et,
759 873 822 940 pro
858 872 916 916 suo
950 848 1075 936 ῥήσεων
1108 851 1236 935 studio,
1274 852 1387 918 sedulo

309 965 490 1052 captavisss
524 964 726 1031 occasionem
761 963 802 1029 iis
835 963 1068 1040 maledicendi3
1102 969 1277 1050 postquam
1310 987 1388 1032 vero

309 1078 523 1146 deferbuisset
543 1077 609 1161 ira,
628 1087 663 1144 et
679 1076 814 1142 meliora
832 1097 909 1142 cum
927 1075 1091 1142 docuisset
1109 1081 1199 1142 aetas
1214 1078 1242 1160 ¹,
1256 1078 1388 1145 exuisse

309 1199 451 1259 veterem
484 1191 698 1275 simultatem,
732 1190 825 1276 cujus
859 1189 916 1254 vix
939 1188 1008 1254 ulla
1025 1189 1165 1275 vestigia
1187 1190 1326 1276 reperias
1349 1191 1387 1254 in

309 1305 424 1372 multis
457 1305 527 1390 ejus
564 1325 698 1389 operum
724 1303 959 1388 posteriorum,
981 1303 1039 1370 nbi
1062 1303 1115 1369 vel
1137 1304 1244 1370 favere
1266 1303 1386 1368 mulie-

310 1419 399 1485 ribus
433 1418 538 1505 possit
560 1417 633 1483 dici.
680 1417 798 1483 Fateor
820 1423 931 1483 tamen
954 1416 1039 1483 hanc
1062 1417 1281 1503 suspicionem
1304 1415 1386 1482 satis

310 1537 466 1602 incertum
488 1550 577 1612 esse,
601 1528 769 1616 deperdita
790 1531 934 1596 maxima
956 1529 1025 1616 ejus
1049 1530 1244 1616 scriptorum
1275 1534 1385 1614 parte;

310 1649 368 1714 sed
401 1666 467 1711 nou
501 1664 583 1728 opus
619 1642 748 1710 videtur
780 1643 859 1708 heco
881 1642 1014 1730 longu'us
1036 1644 1206 1730 prosequi,
1231 1664 1306 1708 curn
1328 1640 1388 1706 vix

310 1759 472 1826 attineant
493 1755 706 1842 adjudicium
716 1756 804 1843 quod
813 1757 854 1822 de
867 1756 1025 1842 Euripide
1035 1756 1115 1822 tulit
1125 1756 1362 1842 Aristophanes
1376 1803 1386 1836 ,

310 1872 367 1961 qui
399 1868 576 1938 adversarii
614 1868 727 1935 odium
761 1891 839 1954 erga
871 1869 1024 1936 mulieres
1055 1869 1091 1934 in
1114 1869 1386 1955 Thesmophoria-

310 2005 462 2050 rusarum
484 1982 597 2049 subula
618 1982 687 2049 sale
710 1981 843 2068 quidem
866 1981 990 2048 cornico
1012 1983 1214 2069 conspersit,
1237 1982 1388 2049 ssdoitre

310 2120 440 2164 omnem
477 2097 707 2179 acerbitatem,
739 2098 842 2162 etita
870 2102 909 2162 nt
931 2098 1037 2183 magus
1062 2097 1224 2183 voluptati
1258 2097 1387 2162 ridendi

309 2213 479 2300 indulgere
501 2234 600 2298 quam
622 2233 787 2278 censorem
811 2233 906 2297 agere
929 2210 1110 2277 videatur'.

343 2415 349 2445 ¹
368 2414 404 2463 Ut
420 2414 514 2464 creon
529 2413 590 2463 dicit
606 2414 660 2462 Ion.
678 2429 716 2463 vs.
731 2415 782 2464 399
798 2428 861 2478 sqq.:

566 2504 595 2551 ἐν
611 2507 668 2560 ταῖς
684 2508 803 2552 κακαῖσιν
818 2503 914 2569 ἁγαθαὶ
931 2503 1078 2569 μεμιγμέναι

429 2602 432 2608 ’
544 2619 547 2629 ·
565 2591 707 2654 μισούμεθ’·
726 2591 790 2641 oiiru
808 2593 938 2657 δυστυχεῖς
955 2593 1108 2658 πεφύκαμεν.

341 2682 436 2730 Notum
461 2689 499 2730 est
523 2679 652 2744 Sophoclis
668 2681 761 2731 dietum
778 2697 859 2731 crasse
876 2681 992 2740 facetum,
1008 2682 1154 2746 Euripidem
1170 2682 1286 2732 mulieres
1302 2682 1387 2731 odisse

307 2771 333 2818 in
350 2770 480 2834 tragoedia
495 2769 591 2828 solum,
608 2784 658 2820 non
674 2784 737 2820 vero
753 2771 778 2820 in
793 2772 878 2821 cubili.
911 2772 1008 2823 Athen.
1025 2773 1110 2828 xm,
1126 2773 1175 2826 557
1193 2787 1215 2822 e.

341 2859 352 2890 ²
367 2860 506 2909 Bernhard.
533 2860 549 2910 1.
571 2860 589 2910 l.
610 2875 667 2925 pag.
688 2863 750 2911 396:
770 2862 884 2910 “Zulatat
901 2861 966 2911 bliob
982 2863 1031 2910 deu
1047 2862 1188 2912 Komikorn
1213 2863 1272 2912 kein
1289 2869 1387 2910 crustas

308 2949 405 2999 “Moov
422 2949 493 2999 mehr
509 2950 596 3015 irbrig,
611 2953 662 3000 nnd
678 2952 719 3000 ein
735 2951 812 3014 vollig
830 2950 997 3014 persbnlicber
1013 2951 1068 3014 Zug
1084 2958 1179 3000 musste
1196 2952 1244 3000 dan
1260 2951 1387 3000 wesentli·

310 3041 387 3089 “chen
404 3040 471 3092 Stoff
482 3056 512 3089 au
529 3041 577 3090 don
594 3040 870 3106 Thesmophorisruseu
886 3039 1038 3105 bergebsn.’'
