3258 5328
758 453 800 514 45

243 634 308 700 ista
328 632 430 699 animi
449 634 481 699 vi
503 633 714 721 procreatrice
738 656 820 720 quae
844 633 998 699 fecundat
1021 633 1147 699 semina
1170 640 1316 719 recepta3

243 770 309 812 nou
342 753 461 814 texunt
490 747 547 813 sed
578 752 759 831 consuunt,
786 769 851 812 non
878 727 1005 813 faciunt
1027 747 1083 813 sed
1106 755 1317 834 componunt,

243 885 309 928 uon
333 883 374 926 ex
396 882 461 926 uno
485 860 645 946 principio
665 861 831 926 deducunt
847 859 952 926 varias
964 869 1091 945 partes,
1107 860 1318 927 seddiversas

244 981 352 1061 partes
383 973 459 1039 hinc
486 974 578 1039 illinc
603 981 765 1060 correptas
799 974 834 1038 in
869 993 969 1040 unum
995 972 1221 1061 conglutinare
1245 981 1327 1062 stu·¹

243 1089 339 1170 dent,
375 1091 408 1153 et
438 1093 477 1151 ut
510 1086 617 1162 multa
654 1086 820 1172 proferunt
855 1086 962 1153 multa
998 1087 1099 1153 etiam
1135 1088 1319 1173 acceperint

243 1220 373 1266 necesse
396 1208 455 1266 est.
861 1204 865 1213 '

288 1312 464 1397 Tragoedia
495 1332 569 1378 vero
600 1333 676 1397 prae
703 1311 835 1397 reliquis
870 1313 976 1396 poesis
1010 1313 1182 1399 generibus
1213 1313 1320 1400 poscit

243 1424 384 1511 simplex
407 1431 645 1510 argumentum.
695 1424 766 1505 Quo
791 1427 964 1511 “potenter
987 1425 1105 1511 leoto”,
1131 1448 1197 1492 non
1222 1426 1319 1493 verba

243 1538 339 1604 modo
372 1559 435 1602 non
470 1536 576 1601 invita
610 1542 803 1622 sequentur,
838 1537 894 1602 sed
929 1544 999 1603 tota
1027 1537 1158 1604 fabulae
1190 1546 1319 1605 textura

243 1653 365 1718 sensim
388 1652 525 1717 ducetur
547 1650 618 1715 sine
640 1650 804 1734 hiatibus,
829 1657 863 1716 et
882 1672 947 1715 nou
967 1672 1048 1736 opus
1062 1651 1172 1718 eritut
1186 1653 1318 1718 aliunde

242 1772 396 1851 petantur
425 1763 547 1847 fulcra,
580 1763 697 1850 quibus
733 1763 799 1829 tela
836 1763 1081 1848 compositionis
1115 1770 1315 1831 annectatur.

242 1878 356 1965 Neque
377 1878 522 1964 profecto
545 1877 624 1943 artis
648 1884 698 1943 est
719 1877 919 1960 reconditae,
944 1899 1019 1943 cum
1041 1877 1111 1962 ipse
1123 1883 1220 1963 poeta
1231 1881 1319 1945 norit
1352 1929 1354 1932 -

244 2013 397 2076 quorsum
435 1991 545 2056 omnia
580 1991 648 2056 sint
679 2012 829 2073 evasura,
866 1990 1011 2056 invenire
1045 1991 1204 2056 nonnulla
1237 2013 1318 2077 quae

244 2107 347 2173 exitui
370 2105 590 2192 praeparando
615 2105 809 2182 inserviant3
833 2104 1027 2170 facillimum
1047 2126 1121 2170 vero
1143 2113 1193 2170 est
1213 2105 1318 2170 multa

244 2222 315 2287 sine
346 2220 532 2286 discrimine
555 2219 588 2283 in
611 2218 756 2284 fabulam
782 2239 953 2304 congerere
978 2219 1093 2284 etheo
1118 2218 1191 2305 ipsa
1213 2219 1316 2285 varie-

244 2343 312 2402 tate
344 2334 487 2400 detinerc
519 2337 738 2418 spectatorum
769 2332 905 2397 animos.
956 2331 1019 2398 Sed
1046 2331 1126 2396 talia
1148 2330 1318 2398 commoda

244 2457 278 2514 et
298 2447 488 2533 adjumenta
511 2466 605 2511 verus
630 2443 772 2530 tragicus
798 2450 1000 2521 contemnet;
1027 2465 1235 2530 quaecunque
1251 2466 1316 2511 non

245 2585 286 2628 ex
308 2561 382 2646 ipso
405 2564 597 2646 argumento
619 2558 826 2623 efflorescunt
851 2579 945 2642 aegre
967 2557 1132 2642 admittet,
1157 2559 1241 2624 etsi
1265 2559 1315 2622 in-

110 2714 114 2722 ·
165 2685 168 2689 ’
246 2675 374 2740 terdum
405 2673 551 2758 episodia
583 2694 664 2758 quae
693 2672 864 2756 dicuntur,
889 2671 947 2737 ubi
969 2676 1045 2757 apte
1066 2672 1216 2738 collocari
1240 2663 1324 2758 pos-¹

246 2796 342 2871 sunt,
366 2787 496 2854 fabulae
519 2787 711 2852 intertexere
734 2807 799 2851 non
823 2785 1028 2871 dedignatur,
1048 2808 1089 2851 ne
1103 2793 1173 2850 tum
1185 2784 1316 2871 quidem

246 2901 453 2968 obliviscetur
484 2901 584 2987 legis,
624 2922 706 2987 quac
739 2900 769 2966 ei
802 2906 915 2965 sancta
947 2906 1017 2983 est,
1049 2898 1253 2983 simplicitati
1282 2906 1316 2964 61

246 3016 365 3081 unitati
388 3015 493 3100 operis
517 3021 593 3080 ante
616 3015 726 3079 omnia
748 3013 916 3080 consulere
935 3012 1090 3099 jubentis.

292 3129 398 3209 Quum
430 3135 539 3194 autem
569 3127 620 3193 vis
652 3127 710 3192 illa
740 3126 898 3192 divinitus
921 3126 1060 3191 creatrix
1083 3147 1148 3191 non
1164 3146 1316 3191 concessa

245 3243 344 3308 fuerit
375 3240 544 3327 Euripidi,
579 3260 645 3304 non
670 3239 790 3303 mimm
813 3242 864 3303 est
886 3236 934 3321 si,
959 3258 1194 3323 nonnunquam
1217 3243 1314 3322 certe,

245 3354 362 3421 incidit
392 3354 427 3419 in
456 3375 493 3420 ea
530 3375 612 3439 quac
635 3351 776 3417 indicavi
799 3349 882 3415 vitia
904 3357 953 3432 et,
978 3348 1190 3434 simplicitate
1214 3341 1339 3437 tragi?

245 3490 356 3535 corum
387 3475 653 3553 argumentorum
675 3464 806 3547 relicta,
831 3463 865 3528 in
889 3462 1108 3548 compluribus
1131 3462 1253 3528 fabulis
1274 3463 1316 3528 ad

246 3583 355 3648 minus
378 3601 523 3647 severam
546 3579 730 3645 comoediae
753 3584 949 3645 structuram
974 3575 1118 3642 accessit.
1158 3575 1233 3640 Non
1246 3583 1313 3642 tam

244 3694 412 3781 gregarius
444 3701 553 3760 tamen
575 3700 645 3759 erat
667 3698 778 3778 poeta,
804 3690 885 3776 quin
908 3711 926 3755 6
949 3688 1091 3773 simplici
1114 3710 1241 3775 quoque
1265 3709 1315 3753 ar-

245 3812 402 3892 gumento
424 3805 568 3892 potuerit
594 3806 709 3871 ducere
731 3802 864 3888 plenam
887 3801 974 3867 succi
997 3821 1232 3886 nervorumque
1249 3805 1314 3866 tra-

245 3918 412 4005 goediam=
444 3924 544 3984 testes
573 3922 650 3984 sunt
680 3914 827 4002 egregiae
860 3915 937 3979 illae
960 3913 1089 3979 fabulae
1114 3913 1314 4000 Hippolytus

246 4042 279 4100 61
301 4034 416 4099 Medea
432 4044 452 4098 ¹.
503 4032 566 4097 Sed
594 4035 703 4095 tamen
725 4028 854 4113 saepius
880 4027 915 4091 in
939 4048 977 4091 ea
1000 4047 1034 4091 16
1057 4026 1169 4110 lapsus
1193 4034 1253 4108 est,
1278 4037 1316 4093 ut

279 4239 288 4272 ¹
321 4241 362 4289 lix
387 4239 432 4288 bae
456 4247 538 4285 tamen
562 4237 647 4284 abesse
672 4204 773 4282 mallem
798 4231 858 4280 illud
882 4229 1016 4292 episodium
1036 4242 1111 4292 paene
1136 4228 1258 4279 ludicrum
1285 4233 1315 4281 de

246 4331 342 4392 Aegeo.
374 4329 463 4390 Neque
487 4325 560 4374 aliter
580 4323 674 4386 judicat
697 4320 866 4370 Bernhardins
890 4334 946 4382 pag.
968 4319 1027 4366 455:
1047 4317 1105 4367 “das
1121 4317 1249 4382 Gesprltch
1266 4324 1315 4370 oud

246 4419 306 4467 “der
330 4418 404 4468 Bund
429 4409 475 4464 mit
499 4416 602 4478 Aegeus
626 4413 658 4460 ist
683 4412 724 4461 ein
744 4410 835 4459 eberiso
852 4407 1037 4472 maugelhaltes
1061 4407 1098 4457 als
1115 4409 1316 4473 ilberhdngcndes

247 4507 337 4557 “Glled
357 4509 400 4556 der
418 4505 593 4560 Oekcnomie.”
627 4503 666 4554 cl.
684 4503 763 4552 Arist.
780 4500 899 4564 1166125.
