3258 5328
768 441 808 501 57

253 626 439 710 loquentem
472 632 509 689 ut
533 624 604 710 jam
635 647 681 690 vs
718 629 802 691 1169
832 634 908 711 post
937 649 1128 712 responsum
1151 627 1220 713 ejus
1247 628 1328 692 mire

253 737 450 822 implicitum
479 738 669 805 exclamarit
692 740 873 825 Dionysus:

376 853 407 919 εὗ
430 855 468 929 νὴ
490 855 546 918 τὸν
568 851 684 939 Ἑρμῆν
706 889 746 898 -
769 859 786 921 ὅ
807 883 835 921 τι
857 855 961 941 λέγεις
984 853 1010 922 d'
1029 857 1066 921 nir
1089 853 1246 937 μανθάνω.

255 961 290 1026 Si
325 980 398 1026 vere
432 961 579 1027 Kochius
611 963 729 1027 statuit
760 963 820 1028 sub
855 961 994 1046 Dionysi
1025 983 1165 1048 persona
1200 963 1234 1026 in
1269 963 1328 1026 hae

254 1073 420 1139 comoedia
446 1071 546 1139 latere
577 1075 733 1160 populum
767 1063 1002 1140 Atheniensem
1026 1075 1153 1140 theatra
1176 1074 1352 1160 frequen·

254 1193 379 1252 tantem
398 1187 421 1271 ¹,
453 1189 595 1254 comicus
620 1189 747 1254 ultimis
773 1189 899 1254 duobus
919 1189 997 1254 locis
1016 1188 1086 1254 sine
1098 1189 1196 1254 dubio
1206 1188 1327 1272 innuit,

254 1306 450 1384 spectatores
464 1323 573 1387 saepe
597 1323 662 1366 non
685 1303 831 1387 potuisse
851 1285 1036 1388 intelligere
1059 1287 1214 1376 sublimia
1231 1302 1328 1367 Euri-

253 1414 340 1498 pidis
362 1415 466 1498 dicta,
492 1423 525 1481 et
547 1438 584 1480 ea
606 1417 677 1501 ipsa
693 1416 831 1482 fortasse
847 1417 886 1482 de
902 1438 998 1482 eausa
1012 1417 1130 1502 plausu
1139 1417 1293 1502 probasse
1305 1424 1326 1482 ².

299 1530 431 1598 Praeter
465 1533 523 1598 hos
553 1532 658 1617 locos,
696 1534 729 1596 in
764 1533 881 1618 quibus
919 1533 1092 1618 Euripides
1133 1534 1327 1600 nominatim

254 1645 501 1730 perstringitur,
534 1647 643 1731 plures
676 1652 753 1712 sunt
783 1647 901 1730 etiam,
926 1647 1158 1732 Aristophanis
1184 1649 1223 1714 de
1246 1670 1331 1714 nora

254 1755 461 1846 philosophia
477 1759 639 1845 judicium
662 1750 879 1828 ostendentes.
929 1763 982 1829 Sic
1006 1765 1130 1847 Meton,
1155 1771 1252 1830 notus
1274 1765 1331 1829 ille
1399 1832 1403 1837 ,

255 1873 522 1958 mathematicus,
555 1877 771 1941 astronomiae
801 1877 884 1942 hena
913 1878 1053 1960 peritus,
1086 1877 1191 1943 Attici
1221 1879 1329 1944 calen-

256 1985 337 2048 darii
367 1988 573 2069 emendator,
618 1989 652 2052 in
691 1988 813 2053 Avium
841 1989 1008 2054 comoedia
1038 1989 1148 2075 flagris
1185 1992 1330 2077 abigitur

256 2121 294 2162 ex
323 2098 566 2166 Nubilicueulia
599 2101 673 2185 (Ar.
706 2123 752 2167 vs.
780 2105 993 2188 992-1020)
1019 2103 1118 2168 simul
1141 2125 1214 2168 eum
1237 2126 1329 2188 syco-

255 2212 388 2295 phantis
424 2219 458 2279 et
495 2215 696 2280 oraculorum
724 2215 891 2300 plebisque
917 2214 1071 2280 scitorum
1094 2215 1326 2283 venditoribus.

257 2327 411 2412 Inprimis
445 2350 518 2393 vero
551 2329 614 2393 huc
644 2328 808 2414 pertinent
843 2351 923 2414 quae
959 2328 998 2394 de
1033 2329 1199 2415 Euripidis
1226 2333 1329 2398 amico

259 2441 387 2506 Socrate
417 2441 569 2506 dicuntur
601 2443 634 2506 in
666 2442 834 2526 Nubibus,
868 2465 949 2527 quae
980 2442 1106 2527 fabula,
1138 2452 1177 2509 ut
1207 2445 1240 2509 in
1269 2447 1330 2511 cri-

257 2553 344 2618 mine
377 2553 537 2650 dpefietac,
569 2555 615 2620 sic
648 2555 746 2620 etiam
774 2555 831 2620 uhi
853 2556 893 2620 de
918 2557 1149 2641 intempestiva
1171 2566 1204 2623 et
1225 2580 1330 2645 nuga-

257 2667 340 2733 toria
370 2669 578 2754 philosophia
607 2669 732 2755 agitur,
763 2669 965 2755 respicienda
993 2678 1052 2736 est.
1102 2671 1195 2752 Quod
1220 2679 1330 2738 autem

258 2787 353 2847 antea
381 2781 449 2866 jam
481 2782 624 2847 vidimus
657 2783 745 2868 (pag.
783 2784 851 2868 16),
888 2783 1028 2850 Socratis
1056 2786 1187 2850 nomine
1212 2786 1246 2850 in
1270 2786 1331 2852 hac
1387 2797 1389 2800 ’

257 2893 422 2960 comoedia
445 2915 556 2958 omnes
581 2895 743 2979 sophistas
769 2904 802 2960 et
827 2895 925 2960 etiam
954 2895 1141 2980 Euripidem
1168 2899 1328 2983 sugillari,

257 3028 417 3092 nusquam
451 3014 502 3073 est
530 3008 737 3074 manifestius
768 3031 865 3096 quam
895 3009 930 3073 in
958 3008 999 3074 iis
1030 3009 1160 3075 fabulae
1184 3013 1330 3097 partibus

257 3121 313 3187 ubi
333 3143 437 3188 sermo
459 3128 510 3188 est
531 3123 571 3188 de
592 3122 687 3188 rebus
713 3122 924 3205 sublimibus,
949 3145 1029 3209 quas
1050 3130 1181 3189 constat
1206 3124 1330 3191 Socrati
1373 3195 1374 3200 γ

257 3235 311 3300 vix
336 3233 442 3321 magis
466 3235 555 3300 cordi
577 3235 678 3301 fuisse
702 3258 798 3322 quam
820 3235 885 3320 ipsi
907 3235 1121 3320 Aristophani
1135 3237 1162 3310 ³,

300 3351 376 3416 dam
407 3374 453 3417 vs.
487 3355 529 3417 94
564 3373 632 3438 sqq.
668 3350 707 3416 de
746 3355 976 3438 φροντιστηρίῳ
1012 3350 1089 3435 illo,
1124 3353 1181 3418 ubi
1217 3354 1329 3418 Socra-

260 3477 325 3531 tem
350 3463 555 3530 meditationi
579 3485 690 3529 vacare
712 3466 915 3527 commentus
940 3469 989 3526 est
1011 3462 1266 3548 Aristophanes,
1285 3466 1330 3530 sic
1391 3528 1399 3545 ,

257 3579 413 3666 legimus:

291 3869 299 3900 ¹
332 3867 480 3932 Einleitung
498 3883 519 3915 z.
530 3869 553 3916 d.
571 3866 705 3918 Froschen.
724 3892 753 3902 -ν
772 3865 813 3915 Sic
829 3864 1011 3916 Schoemannus
1029 3882 1130 3930 quoque,
1149 3866 1331 3918 Gr.Alterth.³

258 3961 286 4008 11
303 3973 359 4021 pag.
379 3958 426 4009 162
442 3958 584 4020 Dionysum
600 3956 666 4004 hunc
683 3955 895 4018 Aristophaneum
913 3963 984 4004 vocat
999 3957 1056 4004 “ein
1073 3956 1185 4006 Zerrbild
1203 3959 1246 4006 des
1262 3959 1333 4010 athe·

258 4049 360 4099 nisehen
377 4046 651 4109 Thecterpnhlikurus.'’

290 4137 300 4168 ²
332 4136 471 4186 verissime
494 4135 664 4186 Bernhardius
689 4134 723 4183 11.
749 4148 806 4198 pag.
832 4135 881 4183 403
898 4133 973 4182 infra:
1009 4135 1086 4182 “Man
1103 4134 1161 4182 ders
1174 4135 1213 4184 bei
1230 4137 1332 4203 solchen

259 4227 456 4290 “Ausspriiehen
478 4227 565 4290 stegen
584 4225 629 4274 auf
642 4224 747 4274 welches
763 4222 897 4273 Publilrum
915 4221 951 4271 sie
967 4222 1115 4282 rechneteu;
1132 4222 1197 4272 donn
1214 4226 1251 4275 sic
1266 4227 1332 4290 glei-

260 4319 337 4368 “chen
355 4317 521 4379 Monologen,
538 4315 589 4363 und
606 4315 646 4362 die
662 4315 756 4376 Menge
773 4313 887 4361 verstand
905 4313 986 4360 daron
1003 4310 1109 4361 niehts.'’

291 4407 301 4439 ³
335 4409 416 4456 Immo
434 4407 548 4456 Socrates
566 4407 677 4468 “primus
695 4399 873 4466 philosophiam
890 4401 1022 4450 devocavit
1038 4417 1051 4451 e
1068 4401 1159 4453 coelo.’'
1194 4403 1246 4456 Oie.
1258 4405 1331 4453 Tusa.

260 4496 332 4558 Disp.
349 4497 383 4556 V,
401 4497 424 4556 4,
444 4498 480 4545 10.
