3258 5328
265 572 786 591 'WVNNWNVNWNVVVWVWWNWV
790 577 1325 596 »ΛΛΛΛΛΛΛΛΙἊΙΝῊΧΛΛᾺΛΛΛΛΛΛΙΜΧΛΛΛΛΛΝΧΝ

672 1031 845 1112 CAPUT
871 1033 917 1112 V.

526 1249 702 1302 EURIPIDES
726 1256 760 1300 ln
784 1249 886 1302 SOENA
912 1251 1049 1304 RHETOR.

708 1429 874 1442 Nm

298 1578 396 1642 Arete
429 1599 503 1642 cum
540 1569 598 1643 illa
620 1580 798 1665 sapientiae
817 1579 996 1665 jactatione
1020 1579 1167 1645 cohaeret
1190 1579 1327 1645 alterum

253 1689 423 1775 Euripidis
458 1689 591 1774 vitium,
629 1691 669 1756 ab
698 1669 927 1776 Aristophane-¹
949 1691 1160 1757 inclementer
1194 1693 1327 1777 perstri-

253 1807 358 1868 ctum:
398 1803 485 1889 quod
517 1803 590 1888 plus
615 1826 717 1890 aequo
740 1804 809 1890 egit
836 1811 1004 1870 oratorem.
1053 1804 1098 1869 Et
1122 1805 1174 1869 hic
1197 1805 1327 1890 quidem
1400 1811 1402 1814 ’

236 1916 462 2000 ¹pervenimus
509 1916 550 1980 ad
590 1916 686 2002 longe
729 1917 957 2002 gravissimam
992 1918 1249 2000 accusationem,
1288 1941 1328 1982 ne

253 2027 401 2114 ἀσεβείας
432 2029 563 2114 quidem
586 2029 720 2094 crimine
743 2030 916 2113 leviorem,
942 2030 1110 2096 adrerum
1125 2030 1328 2096 fontemodii

255 2141 339 2225 quod
374 2143 515 2207 comicus
546 2142 699 2207 adversus
734 2143 894 2228 tragicum
926 2143 1068 2228 gerebat.
1118 2143 1202 2207 Nam
1228 2164 1328 2228 quum

253 2276 290 2318 ea
321 2270 403 2340 quae
434 2256 530 2321 modo
567 2256 777 2322 tractavimus
812 2256 997 2341 pertineant
1029 2256 1070 2320 ad
1098 2255 1261 2340 judicium
1289 2256 1328 2319 de

253 2366 418 2452 Euripidis
447 2367 602 2434 facultate
625 2369 769 2453 poetica,
794 2370 853 2434 hoc
870 2369 1001 2434 nomine
1012 2366 1227 2453 Aristophani
1236 2368 1327 2434 visus

252 2485 302 2543 est
328 2486 494 2565 corruptor
511 2480 697 2564 juventutis
721 2486 755 2545 ct
777 2503 879 2566 paene
903 2479 1046 2546 civitatis
1070 2480 1239 2564 pernicies.

296 2592 540 2659 Valckenarius
572 2594 607 2657 in
630 2595 771 2680 quodam
795 2594 902 2680 capite
924 2594 1106 2678 praeclarae
1131 2594 1220 2659 illius
1246 2592 1326 2658 Dia-

254 2705 353 2772 tribcs
391 2707 459 2791 egit
490 2707 529 2771 de
557 2707 660 2773 abusu
689 2707 893 2792 eloquentiae
925 2708 1013 2792 apud
1044 2708 1191 2790 Atticos,
1217 2713 1250 2772 et
1271 2728 1329 2791 per

251 2819 372 2884 multos
407 2818 493 2885 locos
517 2842 557 2884 ex
574 2817 740 2906 Euripidis
757 2820 878 2886 fabulis
894 2821 1010 2886 allatos
1024 2821 1168 2886 evincere
1184 2819 1326 2900 studuit,

253 2954 327 2998 eum
357 2931 486 2996 nemine
511 2931 642 3016 segnius
666 2933 864 3017 improbasse
887 2932 983 2997 illum
1011 2932 1149 2996 abusum
1169 2932 1189 2996 ¹.
1238 2931 1345 3004 Num¹

250 3067 325 3110 vero
365 3044 441 3109 inde
476 3044 631 3130 requitur,
667 3043 787 3130 injuria
819 3067 893 3110 eum
931 3045 971 3109 ab
1005 3045 1225 3128 Aristophane
1258 3065 1327 3108 esse

251 3160 419 3224 taxatum?
474 3158 548 3222 Non
574 3161 662 3241 puto.
700 3156 785 3222 Nam
810 3163 847 3222 ut
869 3158 1038 3240 omittam,
1064 3179 1129 3221 non
1154 3156 1232 3222 satis
1257 3177 1327 3222 esse

251 3272 375 3357 aliquot
398 3271 448 3336 loc
461 3292 495 3336 os
519 3269 735 3336 sententiosas
758 3270 917 3355 proferre,
942 3277 980 3362 ut
1002 3270 1117 3356 probes
1136 3252 1327 3355 Euripidem

252 3385 455 3451 abstinuisse
485 3407 504 3450 a
535 3385 621 3450 malo
644 3384 813 3449 facundiae
838 3406 916 3467 usu,
941 3393 976 3449 at
997 3406 1063 3449 non
1086 3384 1206 3448 abusus
1230 3383 1326 3447 modo

251 3500 307 3564 sed
344 3501 413 3585 ipse
446 3499 644 3584 frequentior
680 3520 758 3563 usus
782 3498 985 3584 eloquentiae
1009 3499 1132 3564 comico
1156 3497 1326 3562 videbatur

285 3795 290 3824 ¹
324 3794 454 3858 Frigidam
476 3796 584 3860 gratiam
601 3811 641 3845 me
658 3797 776 3846 initurum
792 3794 916 3860 putarem,
935 3798 957 3845 si
975 3795 1041 3846 locos
1058 3795 1114 3845 illos
1131 3794 1295 3843 describerem
1313 3808 1326 3840 e

250 3884 413 3932 Valckenarii
437 3885 564 3936 notissimo
590 3901 672 3949 opere.
706 3887 794 3938 Unum
819 3887 921 3945 addam,
945 3900 995 3934 non
1018 3885 1049 3934 ab
1070 3900 1100 3934 eo
1121 3885 1234 3945 aliatum,
1252 3897 1325 3946 quem

250 3972 358 4034 legimns
375 3955 442 4036 apud
458 3973 620 4022 Plutarchum
638 3975 728 4024 Moral.
745 3989 801 4038 pag.
819 3976 867 4023 539
884 3975 915 4028 B,
929 3974 969 4022 ubi
981 3973 1114 4036 Euripides
1127 3973 1220 4021 civium
1230 3972 1326 4032 dicendi

250 4061 384 4111 lubidinem
401 4063 427 4110 in
444 4063 509 4112 hunc
525 4066 627 4112 modum
643 4065 759 4128 corripit:

477 4176 498 4224 εἰ
514 4175 534 4226 d’
551 4177 618 4236 ἦσαν
635 4176 806 4240 ἀνθρώποισιν
823 4177 914 4235 ὠνητοὶ
931 4176 1016 4240 λόγοι,

478 4263 557 4322 οὐδεὶς
576 4265 608 4314 ἂν
625 4263 706 4314 αὑτὸν
723 4266 748 4313 εὖ
764 4263 846 4327 λέγειν
863 4262 993 4325 ἐβούλετο.
1032 4320 1035 4325 .

477 4355 526 4402 νῦν
543 4351 572 4415 δ’,
591 4353 616 4400 ἐκ
632 4351 738 4414 βαθείας
755 4354 803 4422 γὰρ
821 4352 942 4416 πάρεστιν
960 4351 1059 4416 αἰθέρος

478 4441 571 4504 λαβεῖν
588 4439 688 4505 ἀμισθί,
707 4443 763 4506 πᾶς1
775 4451 813 4498 τις
830 4440 913 4500 ἥδεται
929 4440 1010 4506 λέγων

478 4529 509 4577 τά
527 4527 547 4578 τ’
567 4528 630 4578 ὄντα
648 4530 688 4577 καὶ
705 4509 755 4594 μὴ·Ι
767 4528 858 4592 ζημίαν
875 4530 924 4593 γὰρ
942 4529 985 4578 οὐκ
1002 4529 1060 4592 ἔχει.
1072 4528 1173 4593 (fragm.
1183 4531 1232 4579 968
1240 4529 1327 4590 Diuo.)
1345 4587 1348 4594 1

1146 4621 1190 4683 5,
