3258 5328
814 422 858 481 40

304 603 490 683 inventum,
523 602 608 687 quod
639 601 785 668 Nubium
817 625 863 668 vs.
893 603 1065 666 iro-179
1090 605 1378 681 commemoratur,
1423 687 1427 694 ι

304 714 543 800 quodammodo
566 715 629 781 hue
651 715 814 800 pertinere
838 716 985 798 videtur,
1003 722 1036 780 et
1051 713 1204 780 similiter
1221 711 1378 799 Equitum

304 825 393 891 locus
425 827 480 892 ubi
511 828 678 895 Phaedrae
708 829 905 915 Euripideae
937 830 1060 895 ridetur
1094 833 1262 894 versutum
1288 826 1379 911 inge-

304 938 396 1004 nium
412 940 432 1005 ¹.
480 941 882 1027 Thesmophoriazusarum
917 949 1027 1010 autem
1062 941 1164 1007 altera
1202 961 1277 1025 pars
1311 944 1381 1004 tote

304 1059 354 1117 est
384 1054 566 1138 composita
595 1052 636 1118 ad
667 1054 868 1120 illudendam
897 1054 1105 1120 inventorum
1129 1051 1379 1137 Euripideorum

304 1165 478 1250 astutiam,
513 1188 613 1252 quum
646 1169 680 1232 in
705 1168 811 1254 priore
834 1174 985 1234 notatum
1011 1175 1097 1233 esset
1118 1166 1187 1252 ejus
1212 1165 1323 1231 odium
1346 1163 1379 1226 in

303 1278 455 1345 mulieres
478 1281 518 1345 de
543 1302 607 1367 quo
628 1283 800 1366 postmodo
823 1302 1032 1368 exponemus.

349 1392 457 1478 Hujus
484 1394 586 1478 igitur
608 1393 739 1460 fabulae
764 1402 994 1480 argumentum
1015 1394 1076 1460 hoc
1100 1401 1165 1459 est:
1192 1392 1379 1479 Euripides,

302 1513 467 1589 comperio
499 1506 669 1589 mulieres,
700 1529 779 1593 ques
809 1507 932 1576 acerbis
956 1507 1052 1573 dictis
1076 1506 1111 1571 in
1133 1505 1308 1590 tragoediis
1332 1505 1380 1571 la-

303 1618 494 1703 cessiverat,
519 1619 559 1684 de
583 1641 619 1685 eo
643 1641 713 1686 esse
735 1627 862 1687 acturus
886 1621 919 1685 in
945 1618 1218 1704 Thesmophorion
1232 1618 1380 1701 concili0,

304 1731 542 1797 Mnesilochum
575 1753 670 1798 suum
702 1731 881 1811 κηδεστὴν9
909 1732 1015 1800 mittit
1037 1733 1093 1820 qui
1116 1732 1267 1798 muliebri
1292 1740 1381 1798 veste

303 1845 438 1910 indutus
472 1845 513 1911 iis
547 1869 581 1912 se
611 1847 794 1914 immisceat
825 1852 858 1912 ei
889 1869 948 1932 pro
970 1845 1127 1931 Euripide
1149 1845 1247 1910 verba
1269 1846 1377 1911 faciet.

304 1958 382 2024 Mox
416 1980 490 2024 vero
522 1960 685 2045 detegitur
715 1960 804 2025 fraus
838 1965 871 2025 ei
904 1960 944 2024 ab
979 1959 1071 2026 iretis
1105 1958 1236 2024 feminis
1270 1958 1379 2043 oppri-

303 2073 411 2139 mitur.
460 2075 534 2139 Ncn
558 2074 732 2160 desperans
758 2080 867 2138 tamen
892 2073 1131 2156 Mnesilochus,
1161 2073 1257 2137 rebus
1285 2092 1378 2156 aspe-

302 2187 346 2252 ris
378 2189 538 2254 medelum
571 2189 706 2276 quaerit.
756 2188 820 2254 Sed
852 2189 959 2276 ipsum
991 2188 1162 2256 audiamus
1193 2187 1378 2278 loquentem

303 2303 365 2385 (vs.
383 2304 456 2367 ’768
479 2303 584 2390 sqq.):

814 2415 872 2481 τίν’
894 2415 952 2482 οὖν
974 2415 1013 2480 ἂν
1035 2415 1178 2502 ἄγγελον

422 2522 568 2604 πέμψαιμ’
592 2521 637 2585 ἐπ’
660 2523 769 2591 αὐτάν;
792 2517 852 2586 oli'
875 2523 937 2607 ἐγὼ
959 2525 1006 2586 καὶ
1029 2517 1067 2596 δὴ
1088 2522 1192 2606 πόρον

422 2629 453 2690 ἐκ
474 2634 530 2691 τοῦ
554 2623 778 2709 Παλαμήδους·
801 2629 845 2702 ὡς
866 2629 982 2701 ἐκεῖνος
1002 2625 1060 2700 τὰς
1081 2625 1206 2698 πλάτας

420 2729 505 2815 ῥίψω
527 2731 669 2817 γράφων·
694 2729 767 2794 ἁλλ’
790 2732 827 2794 οὐ
849 2732 991 2818 πάρεισιν
1013 2732 1042 2793 ui
1064 2729 1190 2793 πλάται·

422 2832 520 2900 πάθεν
543 2834 601 2899 οὖν
622 2828 756 2929 γένοιντ’
779 2834 818 2900 ἂν
840 2832 942 2920 ἀθλίῳ
963 2832 1094 2904 πλάται;
1116 2831 1231 2904 πάθεος

321 2961 325 2972 ·
420 2943 450 3005 τί
471 2936 497 3005 δ’
519 2939 569 3013 ἄν,
591 2943 614 3004 εἶ
635 2936 704 3004 ταδὶ
725 2937 898 3024 τάγάλματ’
921 2939 989 3006 ἀντὶ
1010 2942 1074 3003 τῶν
1095 2936 1225 3004 πλατῶν

421 3046 554 3132 γράφων
577 3041 803 3131 διαρρίπτοιμις
823 3041 957 3128 βέλτιον
978 3041 1072 3108 πολύ·

423 3147 523 3222 ξύλον
544 3151 581 3235 γε’
600 3176 649 3214 τοι
671 3153 719 3214 καὶ
740 3153 835 3213 ταῦτα
856 3148 967 3214 κάκεῖν’
988 3152 1026 3224 ἦν
1049 3144 1159 3218 ξύλον.

540 3254 690 3339 ὦχεῖρες
713 3255 795 3335 ἐμαί,
874 3281 878 3289 ·

541 3359 692 3443 ἐγχειρεῖν
714 3359 798 3442 χρῆν
820 3355 902 3442 ’ἔργῳ
924 3359 1059 3442 πορίμῳ·

541 3460 596 3549 ἄγε
619 3455 657 3537 δὴ
678 3462 818 3527 πινάκων
842 3457 959 3532 ξεστῶν
982 3456 1099 3532 δέλτοι,

330 3652 336 3684 ¹
371 3650 490 3716 Equitum
506 3662 543 3697 vs.
562 3649 592 3697 lc
609 3664 660 3712 sqq.
679 3647 719 3711 (cf.
737 3651 797 3700 Eur.
816 3648 892 3713 Hipp.
909 3664 946 3698 vs.
963 3651 1035 3712 eru:

491 3739 565 3788 Bene.
599 3744 653 3798 πῶς
670 3739 703 3788 ἂν
721 3739 751 3788 σά
769 3758 811 3804 μοι
828 3737 924 3796 λέξειας
941 3737 987 3803 ἁμὲ
1004 3741 1053 3806 χρὴ
1070 3740 1166 3806 λέγω

491 3829 548 3878 Nic.
599 3827 656 3878 ἀλλ’
674 3829 719 3877 οὐκ
735 3830 772 3878 ἔνι
786 3845 831 3892 μοι
848 3828 876 3877 τὸ
894 3826 985 3892 θρέττε.
1003 3833 1057 3887 πῶς
1075 3829 1108 3879 ἂν
1125 3831 1170 3879 οὖν
1188 3849 1248 3880 ποτε

601 3915 693 3980 εἴποιμ’
711 3917 746 3966 ἂν
763 3916 825 3966 αὐτὸ
842 3914 905 3974 δῆτα
922 3914 1137 3980 κομψευριπικῶςς

492 4007 565 4055 Dum.
599 4005 633 4070 μή
650 4006 692 4070 μοί
710 4024 750 4070 γε,
767 4004 801 4069 μή
817 4022 875 4067 μοι,
892 4005 926 4067 μὴ
944 4003 1155 4072 διασκανδικίσῃς.

329 4097 339 4130 ²
373 4097 400 4147 Si
426 4096 485 4146 fides
510 4097 622 4146 habenda
646 4095 717 4145 alteri
740 4093 877 4157 biographo
893 4093 919 4141 in
936 4094 1015 4144 Dind.
1032 4096 1140 4146 editione
1156 4106 1181 4146 el
1198 4099 1301 4158 Suidae,
1319 4111 1374 4152 erat

296 4196 366 4250 paror
391 4188 478 4250 prioris
503 4187 588 4236 uxoris
613 4185 755 4250 Euripidis,
772 4185 813 4234 cui
830 4183 962 4236 Ohoerilae
979 4199 1075 4236 nomen.
1109 4189 1208 4237 Primus
1225 4191 1373 4256 biographus

223 4304 225 4310 ,
295 4276 427 4328 choerilen
451 4277 613 4338 posteriorem
638 4275 765 4339 Euripidis
790 4288 895 4324 uxorem
911 4273 985 4324 luisse
1001 4275 1075 4334 dicim
1091 4278 1270 4329 Mnesilochum
1288 4287 1372 4333 eutem

295 4367 506 4432 συμπεποιηκὲναι
529 4367 563 4430 (ἰα
585 4365 673 4415 sabulis
694 4364 879 4429 componendis)
896 4363 1022 4428 Euripidi,
1039 4366 1118 4415 citans
1134 4368 1267 4446 'l'eleolidis
1286 4385 1371 4422 versus

292 4458 344 4524 jein
363 4473 437 4526 supro
454 4457 539 4511 allatos
555 4471 612 4520 pag.
633 4458 662 4504 16
678 4457 735 4504 edu.
752 4457 775 4502 l.

336 4567 340 4574 ·
776 4547 790 4580 x
