3258 5328
620 1007 795 1084 CAPUT
822 1009 907 1084 ΙΙΙ.

513 1216 687 1264 numerous
725 1174 1024 1287 πολνμῆχνινος.

663 1357 864 1382 'mm

404 1489 417 1568 q
447 1490 474 1550 l.
523 1485 831 1571 Aristeptnnis·leei
852 1486 910 1580 lene
923 1491 1125 1572 pertinentes.

269 1771 428 1836 Ardorem
450 1768 615 1853 poeticum
638 1789 692 1834 me
711 1768 824 1853 judice
838 1769 979 1835 defuisse
996 1769 1146 1856 Euripidi
1158 1771 1294 1836 ostendi.

228 1884 324 1950 Unde
348 1884 410 1949 tria
433 1882 516 1948 mihi
537 1882 689 1948 videntur
710 1883 865 1968 explicari
889 1905 992 1969 posse.
1040 1884 1151 1949 Primo
1166 1883 1298 1971 quidem

226 1997 302 2063 inde
325 1996 523 2082 intelligitur
545 2019 601 2062 our
624 2018 690 2062 non
714 2018 835 2063 novum
856 2019 960 2082 genus
981 1998 1088 2082 poesis
1107 1997 1297 2080 condiderit,

220 2109 283 2176 ood
306 2110 488 2196 tragoedias
514 2109 749 2195 composuerit,
774 2111 811 2175 τὰ
832 2113 961 2195 μέγιστα
983 2114 1090 2175 tamen
1113 2120 1298 2197 τῆςτραγῳ·

130 2227 135 2236 ’
226 2220 312 2299 dissipe
338 2227 453 2310 τέχνης
479 2222 676 2310 παραλιπών,
700 2230 739 2289 ut
761 2222 996 2307 Aristophanes
1020 2223 1106 2288 dixit
1119 2224 1140 2308 ¹,
1166 2223 1237 2306 Vol,
1260 2228 1299 2288 ut

225 2333 410 2420 Agathonis
435 2334 556 2400 verba⁹
578 2335 620 2399 ad
644 2356 719 2400 eum
742 2335 968 2422 detorqueamz

385 2449 421 2513 τὸ
442 2452 499 2530 μὲν
520 2449 683 2536 πάρεργον
705 2449 801 2536 ἔργον
823 2447 866 2523 ὣς
887 2453 1093 2532 ποιούμενος,

385 2554 421 2617 τὸ
443 2548 470 2617 δ’
491 2551 588 2638 ἔργον
610 2554 654 2629 ὡς
675 2545 838 2640 πάρεργον
861 2555 1100 2636 ἐκπονούμενος.

227 2655 275 2720 De
296 2655 357 2720 hac
379 2677 413 2720 re
431 2655 501 2740 jam
527 2655 669 2722 vidimus
685 2659 706 2722 ³.
740 2657 865 2723 Deinde
881 2657 939 2723 illa
949 2657 1298 2747 nohquxaviaquam

224 2767 349 2851 passim
372 2768 609 2854 Aristophanes
632 2769 662 2836 ei
686 2770 798 2856 objicit
811 2773 835 2854 ⁴,
861 2771 944 2835 mihi
963 2771 1295 2837 hinofluerevidetur.

224 2880 331 2946 Tertio
349 2880 419 2948 loco
442 2904 481 2947 ex
500 2883 613 2948 eodem
628 2883 719 2950 fonte
730 2906 897 2951 emanasse
908 2884 1298 2972 arbitrorrrohvyveprrhv

187 3075 205 3088 .
224 2993 326 3078 illud,
360 2993 484 3080 ῥήσεων
507 2994 601 3060 illam
623 2996 824 3080 ubertatem,
849 2997 964 3063 multis
987 2998 1153 3063 laudatam
1178 2996 1234 3062 sed
1257 2995 1298 3060 ab

224 3106 444 3193 Aristophane
467 3129 563 3193 saepe
585 3109 791 3175 acerbissime
813 3110 961 3176 derisam.

267 3220 345 3285 dam
368 3219 458 3306 prius
482 3219 522 3285 de
545 3220 791 3309 πολυμηχανίας
812 3221 947 3287 crimine
969 3244 1114 3308 agamus.

270 3330 463 3417 Complures
487 3339 565 3399 sunt
587 3333 651 3397 loci
675 3333 709 3396 in
732 3332 963 3419 Anistophanis
987 3334 1107 3402 fabulis
1128 3334 1185 3400 ubi
1199 3333 1295 3399 Euri-

224 3447 309 3532 pidis
342 3445 485 3530 carpitur
518 3444 622 3510 nimia
653 3445 826 3512 calliditas.
874 3454 1066 3536 Πανοῦργος
1096 3449 1142 3515 ibi
1165 3448 1258 3513 audit
1272 3453 1297 3530 ὁ,

224 3558 443 3648 peritissimus
466 3564 522 3624 τοῦ
544 3558 707 3646 τεχνάζειν
721 3557 744 3616 6·
770 3559 991 3645 Praeceptoris
1013 3561 1154 3628 Socratis
1172 3561 1298 3628 vafrum

258 3794 265 3824 ¹
300 3793 363 3842 Ran.
381 3808 417 3840 vs.
436 3793 508 3842 1494.

160 3867 162 3874 Ι
256 3881 267 3914 ²
299 3881 394 3932 Athen.
411 3882 446 3940 V,
463 3897 521 3945 pag.
541 3884 587 3932 lso
602 3898 623 3933 a.

256 3974 266 4035 'l
300 3973 382 4035 Supra
397 3987 452 4036 pag.
470 3974 503 4022 34
518 3987 570 4036 sqq.

257 4059 266 4091 ⁴
300 4061 457 4124 Quamquam
480 4062 526 4109 hac
551 4061 657 4110 dictione
683 4063 864 4127 Aristophanes
890 4079 1016 4127 nunquam
1039 4071 1076 4112 eat
1097 4077 1170 4120 usus;
1190 4061 1298 4110 sednon

224 4158 261 4200 est
277 4151 337 4210 alia,
353 4165 417 4215 quae
434 4151 533 4208 vitium,
552 4151 625 4202 toties
642 4153 672 4201 ab
690 4167 717 4202 eo
734 4153 897 4216 increpitum,
914 4154 975 4203 adeo
992 4155 1023 4202 ad
1039 4167 1150 4216 unguem
1167 4151 1301 4215 exprimat.

258 4241 267 4272 ⁵
300 4242 363 4292 nan.
382 4257 418 4290 vs.
435 4243 476 4298 80,
495 4243 565 4291 1520.
1086 4236 1088 4240 ’

258 4328 268 4360 ⁶
300 4329 452 4393 Thesmoph.
470 4346 506 4379 vs.
523 4331 555 4378 94
572 4331 740 4381 Mnesilochus
756 4333 791 4381 sic
808 4334 838 4381 de
855 4347 881 4382 se
898 4341 923 4382 et
940 4334 1072 4397 Euripide:

451 4424 496 4470 τοῦ
514 4422 562 4485 γὰρ
580 4420 708 4484 τεχνάζειν
724 4421 841 4485 ἡμέτερος
858 4422 872 4470 ὁ
891 4427 1031 4486 πυραμοῦς.

225 4511 251 4560 li.
269 4524 290 4558 e.
308 4526 368 4560 aare
389 4512 418 4559 in
440 4490 581 4560 certamine
598 4511 732 4572 vafrorum
749 4514 908 4562 incentorum
928 4513 998 4562 noha
1015 4513 1120 4563 detetur
1132 4516 1297 4577 penestrinae.)
