3258 5328
829 459 869 518 64

313 644 430 709 Nonne
461 663 600 707 naevum
632 661 758 727 quoque
788 639 932 704 dicemus
960 637 994 700 in
1027 657 1156 722 corpore
1177 635 1312 720 pulchro
1334 637 1384 700 in-

282 757 540 842 'tempestivam
564 775 673 820 curam
698 751 973 838 Agamemnonis,
998 751 1065 836 qui,

707 866 786 931 dum
807 868 957 950 pugnant
984 883 1103 948 rexque
1125 867 1298 948 paterque,

410 983 599 1068 diverseque
622 979 758 1046 trahunt
779 997 882 1043 unum
905 976 970 1040 dno
997 973 1131 1040 nomina
1152 982 1283 1060 pactae,

313 1095 352 1160 de
383 1093 582 1160 astronomia
612 1091 737 1158 scilicet
764 1089 942 1173 sollicitus,
977 1109 1094 1153 nomen
1127 1087 1257 1173 stellae,
1286 1112 1385 1175 quam

313 1230 410 1294 supra
437 1213 537 1292 capnt
571 1205 677 1290 videt,
711 1224 902 1289 cognoscere
922 1201 1049 1266 laborat
1061 1201 1081 1265 ¹.
1131 1200 1245 1266 Unum
1266 1201 1384 1266 addam

313 1319 499 1406 exemplum
532 1317 749 1404 philosophici
782 1315 884 1382 studii
918 1313 1197 1400 importunissime
1226 1315 1383 1398 adhibiti,

313 1455 353 1498 ex
388 1431 554 1517 tragoedia
583 1429 760 1514 Euripidea
793 1450 874 1515 quae
904 1433 1014 1494 tamen
1042 1428 1126 1493 inter
1149 1427 1291 1512 optimas
1310 1427 1384 1512 jure

312 1553 512 1628 recensetur,
553 1544 733 1630 Hippolyto
766 1543 932 1608 nimirum.
981 1542 1128 1607 Phaedra
1161 1540 1238 1626 illa,
1273 1562 1382 1626 quam,

313 1659 449 1726 Veneris
484 1657 632 1744 potentia
660 1657 845 1740 vecordem,
877 1679 897 1720 a
919 1654 1126 1741 philosophia
1148 1655 1384 1720 alienissimam

312 1771 451 1854 dixeris,
485 1775 597 1836 contra
625 1769 790 1834 “insanire
817 1777 911 1854 parat
933 1773 1020 1834 certa
1041 1766 1166 1834 ratione
1189 1768 1382 1854 modoque.''

313 1885 397 1951 Mihi
421 1884 553 1972 quidem
579 1883 728 1970 ineptum
754 1883 902 1966 videtur,
928 1882 1014 1968 qnod
1043 1881 1253 1948 semimortua
1274 1904 1383 1948 amore

312 2003 346 2062 et
367 1997 511 2084 plurium
534 1993 661 2060 dierum
689 1996 814 2079 inedia,
839 2001 1012 2082 postquam
1044 2018 1139 2081 aegre
1169 2002 1203 2061 et
1227 1977 1382 2082 tergiver-

312 2115 422 2174 santer
448 2111 587 2195 pectoris
622 2110 673 2175 sui
707 2132 859 2175 arcanum
896 2109 1044 2177 confessa
1072 2116 1138 2193 est,
1174 2132 1245 2176 ecoe
1275 2111 1383 2176 nescio

312 2245 376 2309 qna
406 2230 475 2289 arte
504 2223 538 2288 in
570 2224 802 2310 philosophum
827 2245 997 2307 conversa,
1022 2223 1150 2290 refectis
1174 2224 1282 2290 subito
1305 2223 1383 2288 viri-

310 2336 371 2401 bus
406 2342 439 2401 et
472 2336 542 2402 sine
580 2337 682 2400 nimio
719 2335 822 2401 animi
856 2343 964 2419 motu,
998 2335 1067 2402 edit
1090 2337 1223 2423 longam
1247 2358 1382 2422 eamque
1443 2411 1449 2420 .

311 2452 554 2535 γνωμικωτάτηυ
588 2451 763 2514 orationem
802 2450 841 2514 de
874 2450 996 2535 optimo
1026 2450 1122 2514 modo
1149 2449 1267 2514 amoris
1294 2473 1381 2515 oom-

311 2564 463 2649 pescendi
489 2572 551 2642 (vs.
578 2565 782 2650 373-430),
806 2563 891 2628 bona
914 2586 991 2629 sane
1017 2571 1188 2648 praecepta
1210 2565 1379 2630 continen-

311 2683 398 2758 tem,
422 2676 597 2740 dummodo
621 2698 661 2740 ne
684 2697 723 2740 ex
748 2675 912 2741 Phaedrae
937 2697 990 2742 ore
1022 2676 1218 2743 audirentur.
1257 2678 1383 2763 Exspe-

311 2795 415 2856 ctares
438 2811 510 2854 eam
525 2785 584 2864 ἤδη
605 2789 674 2854 ποτ’
697 2787 808 2863 ἄλλως
829 2791 941 2864 νυκτὸς
963 2793 995 2854 ἐν
1017 2796 1122 2877 μακρῷ
1141 2792 1250 2877 χρόνῳ
1263 2812 1328 2854 non
1345 2791 1384 2854 de

310 2902 543 2991 philosophicis
573 2902 817 2989 quaestionibus
850 2903 907 2968 sed
935 2905 1040 2989 magis
1070 2905 1110 2970 de
1137 2905 1257 2990 juvene
1288 2925 1383 2989 quem

311 3016 478 3103 deperibat
523 3017 735 3112 cogitavissc3
778 3016 851 3102 jure
888 3017 973 3081 illud
1010 3019 1097 3103 qnod
1143 3019 1224 3083 dicit
1265 3018 1384 3082 nutrici

312 3133 375 3216 (VS.
417 3125 515 3216 518):
555 3127 670 3218 δέδοιχ’
710 3134 798 3205 ὅπως
830 3159 883 3213 μοι
913 3133 954 3214 μὴ
988 3131 1063 3196 λίαν
1093 3137 1192 3218 φανῇς
1225 3136 1320 3219 σοφή,
1349 3130 1381 3194 in

311 3245 418 3328 ipsam
447 3244 635 3329 detorquere
656 3243 779 3328 possis!
828 3243 995 3323 Quantum
1026 3249 1153 3308 mutata
1184 3250 1235 3309 est
1265 3244 1384 3330 frigida

311 3357 390 3420 haec
425 3355 460 3418 in
492 3377 588 3420 scena
618 3354 776 3440 magistra
799 3357 840 3421 ab
863 3356 922 3421 illa
945 3377 1042 3442 quam
1071 3363 1139 3422 tam
1162 3357 1293 3444 egregia
1315 3366 1384 3423 arte

311 3467 455 3552 primum
486 3466 682 3552 produxerat
712 3475 809 3552 poeta
839 3489 947 3534 amore
977 3463 1187 3554 languentem
1220 3475 1252 3535 et
1281 3493 1384 3556 paene

312 3579 474 3645 furentem
497 3563 681 3646 mulierem!
807 3660 810 3664 ¹
1365 3649 1368 3656 ,

360 3692 423 3758 Sed
447 3713 488 3757 ne
512 3691 545 3755 in
569 3689 717 3777 ingrato,
743 3715 806 3779 quo
830 3716 916 3760 nuno
939 3695 1076 3780 fungor,
1092 3697 1234 3762 censoris
1250 3718 1383 3764 munere

313 3806 447 3871 modum
479 3806 649 3889 excedam,
676 3808 771 3893 plura
795 3831 860 3874 non
884 3809 1015 3875 afferam
1038 3812 1198 3896 exempla,
1221 3817 1383 3877 caeterum

313 3920 470 3985 facillima
492 3920 647 4005 collecta,
672 3943 746 3987 cnm
770 3923 825 3986 vix
849 3922 917 3988 nlla
940 3923 984 3988 sit
1006 3924 1127 4009 pagina
1150 3925 1327 4010 Euripiden
1348 3924 1383 3988 in

348 4227 355 4257 ¹
390 4227 531 4277 Videantur
555 4227 630 4291 primi
656 4241 744 4277 vorsus
765 4228 910 4294 Iphigeniae
927 4231 1085 4290 Aulidensis‚
1102 4232 1171 4296 cnjus
1188 4233 1288 4282 initium
1304 4241 1382 4282 caete·

225 4368 227 4373 ,
314 4316 402 4380 roqnin
418 4317 553 4365 multarum
569 4316 709 4366 fabularum
726 4318 918 4382 Euripidearum
934 4321 1086 4384 expositioni
1102 4327 1229 4384 praestare
1245 4323 1307 4372 mihi
1316 4323 1383 4374 vide-

315 4415 368 4464 tur,
390 4405 435 4455 etsi
452 4419 501 4454 non
517 4405 601 4462 nescio
617 4420 690 4468 quam
707 4407 805 4458 diverse
822 4409 953 4458 statuerint
967 4410 1015 4458 viri
1032 4410 1096 4460 docti
1114 4412 1144 4458 de
1161 4411 1207 4462 hoo
1223 4413 1336 4473 exordio;
1353 4413 1385 4462 of,

315 4495 376 4559 Cap.
393 4494 463 4545 VIII
481 4493 545 4542 med.
