3284 5338
741 464 798 524 141
886 548 892 560 Β

233 650 352 720 dubit0;
383 650 474 710 eiiam
505 669 547 710 vs.
582 653 638 710 692
670 666 735 726 sqq.
767 647 805 707 od
839 647 1050 706 cothurnatum
1082 644 1200 705 dioeudi
1220 663 1313 722 genus

233 747 364 824 proxime
385 744 542 816 oooeduul;
563 743 615 806 sed
637 742 812 822 Euripideos
833 742 912 832 looos
933 759 1088 819 quoscum
1104 739 1313 818 Aristophanis

199 922 201 928 Ι
233 842 366 903 versibus
386 841 561 922 conferrem,
584 840 693 900 frustra
714 837 855 916 quaesivi.

275 1033 358 1098 llil.
379 1052 422 1093 vs.
444 1038 502 1095 776
525 1051 602 1113 sqq.:
622 1034 667 1100 Ὦ
689 1043 794 1120 χεῖρες
814 1038 880 1118 ἐμαὶ
901 1037 957 1099 κτὲ.
981 1033 1026 1092 De
1046 1032 1102 1092 hoo
1118 1032 1195 1104 loeo,
1211 1031 1314 1108 inquo

234 1127 387 1206 Euripidis
408 1127 580 1189 Palamedes
600 1129 770 1208 respicitur,
793 1130 830 1189 of.
852 1146 941 1207 supra
961 1147 1029 1206 pag.
1053 1131 1091 1187 40
1112 1145 1156 1206 sq.

275 1320 359 1384 lbiu.
381 1340 423 1382 vs.
446 1325 504 1382 855
526 1340 591 1401 sqq.
618 1321 796 1400 Longiorem
828 1321 908 1382 huno
928 1322 1026 1382 locum
1047 1339 1107 1381 nou
1128 1319 1314 1398 praetermit-

236 1415 360 1476 tendum
390 1417 494 1495 putavi
518 1417 552 1477 in
572 1417 761 1496 parodierum
781 1418 964 1488 recensione3
985 1415 1202 1488 Mnesilochus,
1225 1433 1315 1492 agens

237 1509 397 1585 Helenam,
434 1519 465 1573 et
501 1512 672 1592 Euripides,
704 1518 841 1591 suscepte
872 1512 1002 1573 Menelai
1032 1529 1170 1590 persone,
1204 1510 1317 1570 hubent

235 1604 416 1684 colloquium
437 1607 535 1668 verbis
556 1607 666 1686 passim
686 1627 721 1668 er
743 1607 896 1687 Euripidis
917 1607 1019 1668 fabule
1044 1606 1160 1667 Helene
1180 1606 1295 1684 petitis:

177 1697 182 1705 '
278 1701 471 1762 Moesiorum
494 1703 650 1780 (Helena).

398 1797 515 1864 Νείλου
535 1804 590 1883 μὲν
612 1796 676 1865 αίδε
699 1798 941 1887 καλλιπάρθενοι
962 1797 1054 1885 ῥοαί,
1217 1799 1274 1857 855

398 1892 436 1967 ὃς
458 1890 525 1957 ιἰντὶ
548 1888 618 1968 δίας
639 1889 782 1976 ψακάδος
805 1896 966 1979 Αἰγύπτου
987 1890 1085 1958 πέδον

398 1985 510 2063 λευκῆς
531 1984 647 2062 νοτίζει
667 1987 941 2076 μελανοσάρμαιον
963 1988 1046 2055 λεών
1070 1989 1090 2045 ¹·

263 2081 388 2140 ‘Melior
408 2082 559 2158 quaedum.
905 2074 910 2088 ’

400 2183 584 2266 πανοῦργος
607 2179 646 2250 εί,
672 2180 709 2253 νὴ
732 2180 788 2254 τὴν
809 2177 942 2252 Ἑκάτην
963 2182 1021 2254 τὴν
1043 2181 1217 2265 φωσφόρον
1238 2178 1260 2232 ²·

279 2271 372 2330 Mne&
399 2274 464 2354 ἐμοὶ
486 2268 517 2336 δὲ
538 2281 580 2357 γῆ
599 2275 656 2355 μέυ
676 2278 789 2360 πατρὶς
811 2274 868 2338 οὐκ
892 2272 1075 2356 ἀνώνυμος,

403 2367 547 2453 Σπάρτη,
568 2368 670 2455 πατὴρ
693 2362 724 2432 δὲ
745 2363 931 2454 Τυνδάρεως
951 2368 973 2424 ³·

766 2462 842 2522 Mul.
865 2463 977 2548 σοίγ’,
1001 2461 1117 2549 ὦλεθρε
1125 2505 1133 2535 ,
1217 2467 1275 2521 860

399 2557 500 2645 πατὴρ
522 2560 638 2634 ἐκεῖνός
659 2561 735 2626 ἐστι;
759 2554 952 2644 Φρυνώνδας
974 2563 1030 2641 μὲν
1053 2558 1118 2623 οὖν·

280 2651 373 2712 Μθθδ.
399 2651 512 2730 Ἑλένη
534 2650 560 2719 δ’
581 2651 717 2729 ἐκλήθην
738 2653 760 2712 ⁴·

660 2749 737 2809 Mul.
759 2748 849 2825 αὖθις
871 2749 910 2815 αὖ
933 2755 1035 2836 γίγνει
1057 2753 1156 2837 γυνή,

401 2849 475 2932 πρὶν
495 2854 552 2919 τῆς
573 2847 676 2932 ἑτίρας
698 2841 805 2912 δοῦναι
825 2849 1032 2931 γυναικίσεως
1054 2843 1156 2921 δίκην;

281 2939 373 2998 Mne&
399 2941 500 3026 ψυχαὶ
523 2936 553 3005 δὲ
575 2939 697 3004 πολλαὶ
719 2937 747 3006 δι
779 2969 813 3022 εμ
844 2967 891 3004 επι
916 2936 1148 3027 Σκαμανδρίαις

399 3032 526 3120 ῥοαῖσιν
548 3034 662 3101 ’ἔθανον
684 3037 707 3092 b·

601 3129 677 3190 Mul.
700 3130 820 3216 ὤφελες
843 3128 874 3197 δὲ
896 3136 944 3196 καὶ
966 3134 1005 3196 σά
1027 3159 1074 3216 γε·
1219 3135 1276 3192 865

280 3227 372 3285 Mltos.
400 3222 486 3310 κᾶγώ
509 3229 564 3307 μέυ
586 3222 689 3291 ἐνθάδ’
705 3225 779 3307 εἶμ’·
804 3231 821 3290 ὁ
845 3222 871 3291 δ’
893 3223 1007 3301 άθλιος
1027 3229 1122 3301 πόσις

273 3491 281 3522 ¹
300 3492 361 3540 Eur.
379 3490 470 3540 Helen.
487 3505 523 3539 vs.
543 3491 553 3539 l
573 3504 625 3552 sqq.
642 3487 755 3538 Heroiua
771 3489 806 3537 sic
823 3489 849 3537 in
865 3487 980 3552 prologo:

400 3571 492 3619 Νείλου
509 3571 555 3634 μὲν
572 3567 624 3619 α’ίδε
641 3567 841 3632 καλλιπάρθενοι
857 3565 930 3632 ῥοαί,

402 3651 430 3706 ὃς
447 3647 506 3698 ἀντί
522 3648 578 3706 δίας
595 3648 709 3713 ψακάδος
725 3647 856 3713 Αἰγύπτου
873 3647 952 3698 πέδον

400 3728 491 3786 λευκῆς
508 3728 624 3788 τακείσης
640 3728 727 3791 χιόνος
744 3725 857 3792 ὑγραίνει
868 3727 941 3796 γύας.

273 3806 390 3857 Ἠεὶεο.
409 3822 445 3856 vs.
463 3808 525 3857 569:

403 3887 421 3935 ὦ
439 3885 545 3951 φωςφάρ’
562 3885 668 3947 Ἑκάτη,
688 3884 769 3950 πέμπε
785 3885 896 3950 φάσματ’
913 3887 1012 3949 εὐμενῆ.

272 3968 283 3999 ³
301 3967 393 4016 Helen.
409 3981 447 4016 rs.
467 3967 498 4016 16
514 3980 562 4029 sq.:

402 4045 463 4109 ἡμῖν
480 4047 505 4094 δὲ
522 4049 555 4110 γῆ
571 4047 618 4109 μὲν
636 4045 729 4108 πατρίς
746 4045 790 4094 οὐκ
807 4044 954 4109 ἀνώνυμος,

403 4125 521 4185 Σπάρτη,
540 4125 623 4187 πατὴρ
640 4123 666 4171 δὲ
683 4123 836 4186 Τυνδάρεως.

274 4205 283 4238 ⁴
300 4203 389 4254 Helen.
404 4217 442 4253 rs.
458 4205 502 4253 22:

403 4281 491 4344 Ἑλένη
509 4281 528 4333 δ’
546 4282 663 4343 ἐκλήθην.

275 4362 285 4396 ⁵
301 4363 389 4414 Helen.
406 4378 443 4412 vs.
460 4363 493 4412 52
509 4377 556 4426 sq.:

403 4442 482 4508 ψυχαί
500 4441 525 4491 δὲ
544 4442 636 4490 πολλαί
654 4438 684 4490 δι’
701 4439 737 4506 ἔμ’
756 4441 796 4489 ἐπὶ
815 4442 998 4512 Σκαμανδρίοις

404 4519 506 4585 ῥοαῖσιν
523 4521 625 4570 ἔθανον.
645 4519 694 4582 (cf.
713 4519 788 4569 elium
804 4535 840 4568 vs.
859 4521 927 4583 609.)
