3284 5338
835 435 895 498 122

368 617 431 682 Vix
464 617 528 682 alia
559 619 721 684 sententie
751 619 942 684 audiebatur
976 640 1013 686 eo
1039 625 1192 704 tempore.
1242 621 1398 686 Nostrum

321 753 395 796 vero
421 731 604 814 saeculum,
633 737 670 796 ut
687 733 720 796 in
736 733 810 798 eliis
834 732 1038 817 disciplinis,
1066 735 1112 799 sie
1134 735 1232 800 etiam
1254 735 1288 798 in
1312 737 1400 800 anti-

321 867 456 930 quarum
479 844 646 910 literarum
669 845 778 912 studio
805 846 926 912 multas
946 855 1069 912 veteres
1086 847 1256 932 opiniones
1278 847 1399 912 delevit

320 965 353 1022 et
383 979 482 1023 novas
511 957 649 1042 protulit
679 957 712 1022 in
748 957 869 1042 lucem,
902 958 1062 1043 prioribus
1097 981 1192 1044 saepe
1219 982 1237 1024 e
1269 958 1398 1044 regione

320 1070 495 1156 oppositas.
525 1070 573 1134 De
594 1069 751 1154 Euripide
775 1092 902 1156 quoque
918 1071 1058 1136 subnata
1080 1077 1158 1137 sunt
1167 1071 1293 1156 judicia
1307 1093 1398 1158 pror-

320 1203 375 1247 sus
398 1182 542 1264 diversa,
566 1203 783 1268 quemquam
806 1191 903 1250 antee
927 1183 996 1248 sine
1018 1183 1170 1268 epithetis
1185 1186 1397 1250 reverentiam
1430 1169 1433 1174 ¹

319 1294 628 1380 admirationemque
653 1295 849 1361 testantibus
873 1296 1036 1380 appellare
1058 1297 1149 1362 nefas
1165 1304 1251 1363 esset
1272 1299 1396 1380 visum,

319 1407 495 1474 recentiore
519 1415 664 1493 tempore
686 1409 748 1472 viri
773 1408 860 1474 docti
885 1409 1047 1494 despicere
1073 1414 1106 1476 et
1126 1410 1311 1476 conculcare
1326 1433 1396 1476 coe-

320 1529 455 1609 perunt,
489 1523 523 1586 in
554 1543 617 1608 quo
639 1521 722 1587 alter
746 1543 841 1607 saepe
864 1521 1046 1588 aemulatus
1070 1529 1121 1588 est
1143 1524 1254 1589 elteri:
1282 1526 1397 1600 πάντες

319 1633 443 1723 ἤρειδον
475 1640 518 1710 εἰς
550 1633 770 1722 Ὑπέρβολον.
816 1635 844 1700 Ε
880 1635 994 1700 multis
1029 1637 1216 1702 nominasse
1256 1639 1397 1704 sufficiat

321 1748 539 1834 Schlegelium
558 1752 589 1832 ¹,
626 1748 854 1829 Wielandum,
888 1747 1078 1812 Bunsenum
1092 1750 1123 1832 ²,
1163 1749 1348 1836 Gruppium
1362 1759 1394 1834 ³,

319 1884 377 1927 neo
409 1862 513 1928 multo
546 1863 596 1928 his
632 1861 873 1930 clementiorem
902 1861 941 1928 G.
975 1839 1221 1945 Eermannnm,
1256 1864 1313 1949 qui
1343 1865 1396 1930 vel

318 1998 416 2041 uuam
452 1977 491 2041 de
526 1975 694 2060 Sophoclis
730 1977 906 2062 deperditis
942 1976 1072 2042 fabulis‘
1095 1998 1160 2041 non
1194 1977 1293 2044 nimis
1324 2002 1396 2045 aare

319 2091 498 2155 redemtam
528 2089 595 2154 fore
625 2097 814 2155 cunctarum
840 2089 1089 2174 Euripidearum
1106 2088 1251 2174 jactura,
1275 2092 1395 2158 alicubi

319 2205 521 2288 autumavit,
546 2204 609 2270 etsi
632 2204 764 2269 Goethii
789 2203 994 2289 Iphigeniam
1018 2224 1091 2268 oum
1108 2203 1286 2289 Euripidae
1306 2227 1394 2270 oom-

318 2339 436 2400 parens
459 2324 619 2383 recentem
643 2316 795 2402 antiquae
817 2315 1000 2402 tragoediae
1020 2316 1132 2381 cedere
1148 2317 1276 2382 censuit
1289 2328 1315 2401 ⁴,
1335 2339 1395 2403 pe-

318 2432 475 2517 rilemque
508 2429 705 2495 sententiam
738 2430 816 2494 tulit
851 2430 891 2494 de
928 2428 1102 2514 Schlegelii
1126 2429 1270 2496 dramate
1296 2432 1393 2514 Ione,

318 2566 393 2608 oum
428 2543 595 2628 Euripidis
618 2542 729 2607 fabula
755 2541 900 2627 ejusdem
921 2541 1063 2608 nominis
1088 2541 1214 2608 collato.
1268 2543 1394 2629 Nempe

318 2657 404 2723 idem
436 2655 600 2722 faciebant
621 2656 655 2718 bi
678 2656 780 2720 severi
799 2655 925 2740 judiees
946 2657 1032 2740 quod
1055 2655 1175 2722 fecerat
1198 2657 1393 2742 Aristopha-

318 2794 393 2838 nes:
418 2771 460 2835 ed
482 2791 628 2835 normam
654 2789 766 2835 scenae
788 2768 986 2852 Aeschyleee
1004 2769 1262 2855 Sophocleaeque
1282 2771 1393 2856 exige-

318 2887 397 2950 bant
429 2882 596 2967 Euripidis
631 2883 796 2963 dramata,
831 2853 1051 2967 improbantes
1082 2886 1116 2948 et
1139 2883 1392 2950 condemnantes

317 2998 470 3085 quioquid
501 2997 543 3062 ed
578 3017 649 3061 eam
683 3016 749 3060 non
766 2979 955 3080 'quadraret
985 3000 1018 3060 et
1051 2995 1102 3060 vel
1137 2995 1279 3081 digitum
1317 2997 1393 3062 inde

317 3112 502 3177 discederet
539 3108 616 3173 Mox
639 3108 769 3193 aequior
794 3115 903 3172 tamen
930 3127 1039 3173 rursus
1064 3107 1204 3174 invaluit
1222 3109 1393 3195 judicandi

317 3225 417 3301 ratio,
462 3240 560 3308 quam
586 3221 657 3306 jem
693 3221 934 3286 commendaret
970 3221 1179 3308 Lessingius,
1215 3230 1391 3309 praeeunte

318 3335 468 3417 Goethio‚
505 3354 641 3418 quorum
673 3332 813 3416 agminis
845 3333 948 3399 instar
979 3340 1122 3419 uterque.
1173 3335 1259 3413 Quin
1281 3336 1392 3400 extitit

318 3448 492 3515 Barnesius
525 3446 624 3528 alter,
659 3445 882 3530 Hartungius‚
907 3447 962 3531 qui
982 3446 1106 3512 scilicet
1133 3423 1302 3513 “restituit
1323 3451 1391 3515 Eu-

317 3563 475 3648 ripidem’'
491 3563 520 3644 ⁵,
548 3559 631 3624 nihil
655 3580 720 3624 non
744 3559 778 3622 in
801 3577 839 3624 eo
862 3560 964 3624 nitere
991 3560 1197 3625 contendens.
1235 3561 1310 3626 Non
1333 3563 1391 3628 eb-

317 3675 439 3742 similia
451 3680 528 3740 sunt
543 3673 652 3738 studia
672 3671 834 3757 Pflughii‚
852 3674 907 3758 qui
927 3672 960 3737 in
983 3695 1042 3738 sue
1059 3673 1227 3758 Euripidis
1249 3675 1392 3742 editione

316 3790 438 3876 passim
460 3787 618 3872 tragicum
640 3793 751 3850 contre
785 3787 942 3851 comicum
965 3787 1204 3873 antagonistam
1232 3787 1389 3854 defendit.

351 4051 357 4082 ¹
374 4053 408 4101 A.
425 4052 467 4100 W.
483 4064 531 4099 von
548 4048 669 4112 Schlegel,
686 4049 860 4112 Vorlesungen
876 4048 936 4096 uber
952 4048 1056 4096 dramat.
1075 4050 1157 4098 Kuust
1174 4051 1223 4098 und
1241 4049 1392 4098 Litteratur.

316 4140 375 4190 Vid.
391 4139 503 4203 inprimis
518 4147 591 4208 eaput
608 4140 641 4198 V,
659 4138 772 4187 editionis
788 4137 831 4186 alt.
848 4152 905 4200 pag.
925 4139 1060 4187 las-268.

348 4227 359 4258 ²
375 4231 405 4278 In
422 4243 497 4291 opere
513 4228 591 4278 “Gott
607 4229 632 4275 in
648 4230 692 4276 dar
710 4227 881 4278 Gesehichte,”

348 4317 358 4348 ³
376 4316 405 4363 Iu
423 4317 536 4366 Ariadne
552 4317 653 4379 passim.

349 4406 359 4437 ⁴
375 4404 434 4454 Vid.
452 4405 546 4467 proleg.
563 4407 594 4452 ad
611 4404 695 4467 Iphig.
711 4405 850 4452 Tauricam.

349 4495 359 4525 ⁶
376 4494 403 4542 J.
422 4495 454 4541 A.
472 4494 600 4554 Hertung,
617 4492 748 4554 Euripides
764 4493 903 4550 restitutus,
921 4494 1012 4542 Hamb.
1031 4494 1100 4542 1843.
