3258 5328
828 441 869 501 2ss

316 630 445 711 poetam
478 622 652 705 nimirum,
687 623 749 687 diis
780 623 894 708 patriis
925 622 1020 688 fidem
1048 623 1240 708 habentem,
1272 631 1304 690 ot
1334 649 1386 689 so-

316 738 470 822 phistam,
496 736 630 801 liberam
652 736 810 801 rationem
833 736 998 822 cogitandi
1021 747 1054 802 et
1065 737 1236 802 dubitandi
1250 759 1387 824 sequen-

317 861 399 927 tem3
422 852 518 916 homo
539 851 625 914 euim
653 871 755 936 neque
779 858 829 914 est
850 850 1075 932 chamaeleon,
1090 849 1387 935 quemfabulautur

315 947 371 1046 pro
404 984 437 1028 re
467 971 545 1028 nata
561 969 693 1028 'mutare
712 963 868 1045 colorem,
894 985 998 1048 neque
1020 986 1060 1028 ex
1083 963 1218 1028 diversis
1239 964 1386 1048 partibus

314 1077 531 1161 compositus,
553 1077 610 1141 sed
632 1099 717 1142 unus
741 1086 791 1141 est
815 1083 848 1142 et
871 1077 972 1141 dividi
999 1077 1121 1162 nequit.
1161 1077 1232 1141 Hoc
1257 1084 1386 1142 tantum

314 1189 445 1254 concedi
475 1196 604 1273 posset,
633 1188 823 1273 Euripidem
849 1189 927 1253 dum
950 1209 1066 1273 poema
1090 1189 1240 1253 conderet
1259 1189 1385 1274 aliqua-

315 1309 409 1366 tenus
433 1301 496 1365 sibi
520 1300 719 1384 persuasisse
743 1301 819 1366 deos
842 1301 1020 1387 dequibus
1043 1301 1386 1368 caueretctiamextra

314 1425 481 1501 poetarum
505 1413 651 1480 fictiones
676 1421 803 1495 extare,
826 1414 890 1479 uisi
914 1415 997 1479 hano
1020 1437 1146 1501 quoque
1163 1414 1385 1480 defensionem

315 1527 382 1592 suis
407 1526 470 1592 sibi
496 1525 627 1610 seriptis
651 1525 856 1611 praecideret.
905 1526 1081 1612 Nunquam
1105 1528 1192 1592 enim
1216 1535 1326 1592 tantus
1356 1529 1386 1593 ei

315 1643 378 1705 i'uit
399 1627 493 1705 ardor
516 1640 666 1725 furorque
689 1641 834 1724 poeticus
863 1647 897 1704 ut
920 1641 1017 1726 plane
1040 1642 1283 1707 oblivisceretur
1299 1664 1332 1707 se
1349 1666 1386 1708 eu

314 1754 452 1819 scribere
482 1775 564 1838 quae
586 1773 651 1817 nou
676 1772 749 1817 vera
770 1752 908 1817 duceret.
959 1753 1051 1832 Quod
1075 1756 1209 1838 probare
1232 1776 1295 1820 nou
1321 1755 1385 1820 dif-

314 1866 398 1931 ficile
434 1871 492 1930 est.
542 1863 644 1950 Saepe
671 1865 705 1928 iu
744 1863 812 1949 ejus
846 1863 1020 1948 tragoediis
1045 1877 1217 1932 occurrunt
1242 1868 1304 1933 loci
1330 1870 1385 1936 ubi

314 2002 378 2044 nou
410 1978 551 2063 amplius
584 1983 679 2062 poeta
703 1976 873 2061 theologus
896 1977 1050 2061 loquitur,
1075 1977 1131 2042 sed
1153 1979 1384 2066 philosophus,

314 2093 405 2178 cujus
435 2093 614 2158 sententiae
637 2091 799 2155 interdum
824 2113 897 2155 eum
924 2091 1024 2155 totius
1048 2091 1177 2157 fabulae
1199 2095 1386 2159 oeconomia

314 2213 464 2292 pugnant
479 2213 498 2270 ¹.
546 2204 723 2268 Videamus
755 2202 852 2267 modo
882 2203 1054 2268 Herculem
1086 2204 1264 2288 furentem,
1293 2207 1384 2292 eujus

314 2319 442 2383 tabulae
476 2318 570 2382 cardo
603 2323 652 2382 est
682 2315 824 2381 Junonis
848 2337 943 2380 saeva
968 2317 1015 2380 ira
1036 2317 1070 2380 in
1092 2317 1268 2384 Herculem
1288 2320 1385 2404 plane

315 2432 493 2511 insontem,
536 2431 582 2493 ita
623 2438 661 2494 ut
695 2449 759 2492 non
802 2428 920 2513 injuria
960 2430 1050 2514 queri
1090 2431 1194 2515 possit
1229 2432 1383 2498 Hercules

314 2567 359 2608 vs.
386 2545 468 2608 1307
495 2565 581 2627 sqq.:

913 2659 1038 2743 τοιαύτῃ
1061 2656 1119 2742 θεῷ

474 2766 521 2836 τίς
543 2761 581 2826 ἂν
603 2760 819 2847 προςεῦχοιθ’;
842 2759 860 2836 ἢ
882 2765 1032 2847 γυναικὸς
1054 2759 1163 2826 οὕνεκά

473 2868 612 2954 λέκτρων
634 2864 797 2951 φθονοῦσα
821 2870 909 2941 Ζηνί,
928 2868 1002 2940 τοὺς
1024 2868 1210 2953 εὐεργέταςξ

473 2970 634 3047 Ἑλλάδος
656 2973 801 3044 decidam,
825 2968 915 3037 οὐδὲν
938 2975 1033 3045 ὄντας
1056 2975 1185 3045 αἰτίους·

311 3239 392 3284 locum
418 3251 483 3284 nuuc
511 3223 602 3284 frustra
626 3239 727 3300 quaero)
749 3236 840 3285 alicubi
858 3235 932 3294 haee,
949 3246 991 3284 aut
1008 3249 1096 3298 parum
1113 3234 1225 3291 diverso,
1244 3248 1283 3282 me
1300 3234 1384 3296 legere

312 3323 426 3373 memini:
452 3333 526 3386 prout
550 3325 575 3372 in
592 3339 668 3387 opere
685 3325 801 3389 physico,
819 3324 986 3389 philosophico
1003 3313 1050 3373 val
1059 3325 1157 3388 poetico
1174 3339 1229 3373 sum
1243 3332 1383 3386 occupatus,

312 3416 384 3463 modo
401 3414 602 3472 naturaliemum‚
621 3417 694 3463 modo
711 3415 843 3474 deismum,
861 3416 933 3464 modo
951 3413 1145 3478 polytheismum
1161 3413 1286 3479 profiteor.

346 3502 352 3534 ¹
387 3505 538 3554 Verissimus
563 3505 594 3553 de
617 3504 663 3553 hac
680 3519 707 3553 re
724 3505 811 3553 iuveni
828 3504 1014 3555 observationes
1032 3504 1095 3553 inP
1123 3521 1147 3550 v.
1165 3503 1288 3566 Limburg
1306 3505 1384 3550 Brou-

312 3608 373 3641 wer:
394 3595 488 3642 Proece
505 3609 563 3642 orer
580 3595 732 3656 dormitarem
750 3593 862 3655 inprimis
881 3595 920 3641 vd.
937 3608 995 3656 pag.
1013 3593 1070 3643 234.

345 3683 355 3715 ²
388 3684 488 3734 Scilicet
513 3684 646 3746 Euripides
672 3684 744 3732 finxit
769 3682 872 3732 Herculi
898 3691 953 3746 post
984 3692 1094 3744 peractos
1120 3683 1218 3731 demum
1246 3683 1341 3732 labores
1369 3701 1384 3732 o

311 3778 412 3826 dunone
430 3776 567 3824 immissum
584 3790 637 3822 ease
655 3775 829 3837 furoremque
848 3788 951 3824 uxorem
970 3775 1101 3836 Megaram
1120 3774 1226 3836 filiosque
1244 3774 1382 3832 trucidavit,

268 3854 271 3859 ’
311 3881 388 3929 quum
414 3855 547 3914 secundum
573 3864 755 3927 Apollodorum
780 3863 891 3927 aliosque
917 3862 1113 3930 mythographos
1129 3864 1176 3911 ista
1193 3863 1272 3912 rabies
1289 3865 1384 3913 labores

312 3955 480 4018 praecesserit.
514 3954 585 4015 Quod
610 3969 642 4002 an
668 3953 780 4002 consulto
805 3952 892 4001 feeerit
917 3951 1050 4014 Euripides
1081 3968 1105 4000 se
1131 3953 1228 4001 nescire
1253 3954 1312 4002 dicit
1337 3969 1384 4002 van

312 4045 433 4107 Limburg
450 4045 578 4102 Brouwer,
595 4043 641 4090 l.l.
662 4057 710 4105 pag
735 4045 768 4090 8⁸
788 4042 812 4089 in
830 4043 886 4089 adn.
910 4042 965 4104 Ego
981 4041 1092 4090 dixerim
1109 4042 1133 4089 id
1150 4043 1384 4092 eoeouailiofecissa

312 4143 423 4198 poetam,
451 4145 479 4182 ut
504 4135 652 4189 Herculem,
676 4133 742 4181 edita
767 4131 919 4196 quadruplici
940 4132 1028 4189 caede,
1045 4132 1144 4180 mittere
1162 4142 1245 4195 posset
1261 4134 1383 4191 Athenas,

314 4225 368 4287 qui,
384 4225 430 4272 sub
446 4225 538 4272 Thesei
557 4223 634 4273 tutela
650 4225 766 4272 lustratus
786 4222 831 4283 (vs.
851 4223 915 4272 1323
924 4221 1211 4284 aqq.),quemadmodum
1221 4221 1331 4285 Oedipus
1340 4222 1382 4270 illc

313 4315 477 4378 Sophocleus,
503 4315 536 4362 ibi
560 4316 671 4376 degeret.
706 4314 777 4361 Hauc
796 4311 893 4360 civitati
911 4325 969 4360 suae
986 4310 1118 4373 gloriolam
1136 4324 1185 4358 non
1202 4311 1383 4373 potuissetstri·

313 4409 387 4454 buere
405 4415 487 4467 pocta,
505 4405 526 4452 si
543 4405 801 4467 Herculi-postquam
819 4419 834 4450 a
851 4401 950 4451 Theseo
967 4401 1085 4449 liberatus
1102 4400 1383 4462 essetpiaculo,iuinli·

313 4495 364 4542 nita
380 4493 470 4542 itinero
487 4493 571 4542 suisset
588 4493 734 4542 abeundum.
