3284 5338
740 479 781 538 83

219 685 339 750 megno
365 685 429 728 non
454 663 559 728 solum
584 661 726 728 civitatis
751 647 1114 746 sedbonarumquoque
1129 659 1296 725 literarum

221 776 417 842 detrimento
452 777 536 842 inter
569 775 698 841 Atticos
732 773 913 860 gliscentis,
950 773 1006 838 sed
1035 773 1153 838 rectius
1177 773 1297 840 dixeris

219 891 339 975 ipsum,
374 897 412 955 ut
434 889 597 976 aequales,
621 889 799 954 obnoxium
822 887 924 952 fuisse
946 885 1076 951 cuidam
1099 887 1297 972 contagioni,

218 1024 284 1068 non
307 1002 348 1067 ah
371 1003 431 1068 hoe
457 1003 508 1068 vel
533 1002 591 1066 illo
606 1002 738 1067 homine
749 1000 923 1086 profectae,
948 1000 1005 1065 sed
1020 1001 1174 1085 temporis
1186 1001 1295 1086 potius

222 1115 380 1200 propriae.
407 1114 508 1202 Cujus
530 1114 577 1180 rei
601 1113 724 1179 clarum
748 1118 977 1198 argumentum
1000 1112 1105 1197 possis
1129 1112 1295 1198 exipsius

221 1227 453 1312 Aristophanis
488 1226 618 1311 scriptis
652 1230 778 1310 petere;
809 1246 886 1289 nam
909 1224 962 1288 hic
986 1245 1112 1310 quoque
1135 1230 1241 1314 poeta,
1267 1226 1296 1288 si

218 1341 387 1426 quisalius
407 1341 605 1417 ἆπηλιαστής
616 1341 639 1423 ¹,
651 1340 794 1424 saepius
803 1337 954 1424 judiciali
964 1337 1022 1402 illo
1038 1338 1167 1403 dicendi
1178 1360 1295 1424 genere

219 1455 253 1518 in
277 1454 345 1520 suis
377 1453 498 1520 fabulis
522 1458 694 1537 estuans,
719 1452 864 1538 proinde,
889 1451 968 1516 dum
991 1472 1156 1517 censorem
1179 1452 1297 1538 agebat

218 1567 372 1633 vitiorum
396 1566 595 1648 alienorum,
613 1567 685 1631 'non
710 1567 790 1632 satis
814 1586 938 1630 memor
960 1565 1121 1630 manticae
1143 1565 1178 1628 in
1205 1573 1295 1651 tergo

218 1681 399 1768 pendentis.
428 1679 575 1746 Sufficiat
596 1701 865 1746 commemorasse
888 1679 1068 1744 orationem
1092 1699 1202 1763 quam,
1218 1680 1295 1766 ὑπὲρ

217 1791 365 1870 ἐπιξήνου
386 1795 443 1859 τὸν
464 1792 614 1880 λάρυγγα
635 1794 731 1880 ἔχων,
744 1793 779 1857 in
789 1790 1054 1857 Acharneus'ibus
1067 1790 1148 1855 dicit
1160 1790 1296 1857 Dicaeo-
1375 1823 1378 1830 ¹

218 1905 303 1991 polis
314 1925 372 1996 pro
384 1925 478 1989 pace3
494 1887 663 1969 amborum
677 1909 793 1993 Λόγων
808 1905 1064 1991 disputationem
1077 1904 1111 1968 in
1124 1903 1294 1979 Nubibus3

220 2018 254 2082 iu
277 2017 395 2102 Vespis
419 2037 535 2082 canum
559 2016 672 2094 litem3
697 2016 818 2083 Peniae
833 2018 867 2082 in
895 2017 992 2083 Pluto
1015 2017 1212 2094 orationem3
1237 2037 1296 2080 nec

220 2153 288 2196 non
312 2131 347 2195 in
371 2129 548 2216 Equitibus
571 2130 719 2197 convicia
740 2130 987 2217 Paphlagonem
1011 2131 1097 2196 inter
1120 2135 1153 2194 et
1176 2129 1296 2195 macel-

220 2247 338 2312 larium
372 2243 533 2310 alternata
566 2266 674 2309 coram
707 2245 828 2323 Demo3
852 2245 887 2309 in
912 2245 1014 2309 Ranis
1038 2243 1178 2329 denique
1201 2241 1295 2307 nohi-

219 2359 383 2424 lissimum
398 2365 561 2434 certamen
585 2359 739 2444 Aeschyli
753 2367 787 2426 et
797 2359 985 2446 Euripidis,
998 2357 1119 2425 arbitro
1132 2358 1295 2441 Dionys03

219 2493 417 2556 quamquam
436 2493 454 2536 e
474 2471 609 2538 caeteris
627 2494 755 2558 quoque
767 2473 837 2557 ejus
849 2471 970 2538 fabulis
983 2470 1133 2556 exempla
1144 2470 1304 2566 colligere

220 2585 408 2670 potuissem.
460 2585 495 2652 Si
530 2585 632 2672 igitur
664 2594 732 2652 tam
767 2588 897 2672 penitus
932 2585 987 2651 ille
1015 2584 1104 2650 furor
1126 2583 1297 2668 perorandi

220 2700 388 2764 obsederat
421 2699 607 2764 Atticorum
630 2706 777 2783 mentes,
812 2706 850 2765 ut
879 2699 939 2763 rix
961 2698 1104 2788 placeret
1126 2696 1239 2762 fabula
1261 2718 1299 2762 eo

220 2817 376 2897 tempore,
411 2812 464 2877 cui
498 2834 564 2877 non
597 2834 692 2897 sapor
727 2813 862 2899 quidam
885 2820 973 2879 esset
991 2810 1175 2897 judicialis,
1199 2816 1232 2876 et
1255 2833 1296 2874 ne

220 2926 290 3011 ipse
325 2925 581 3010 Aristophanes.
595 2926 728 3013 quidem
764 2926 902 2993 oratorio
936 2925 1023 3010 stylo
1055 2925 1199 3010 potuerit
1221 2925 1297 2990 abs·

222 3039 345 3122 tinere,
381 3038 464 3103 nihil
498 3045 584 3105 certe
617 3039 756 3124 capitale
789 3039 956 3105 commisit
989 3037 1181 3122 Euripides,
1211 3038 1298 3122 quod

221 3150 304 3217 mori
338 3152 389 3216 sni
424 3151 580 3237 temporis
616 3153 789 3218 obsecutus
804 3158 872 3218 est.
900 3151 994 3232 Quod
1016 3135 1117 3236 duum
1140 3151 1297 3232 observo,

224 3284 288 3328 non
314 3263 439 3329 infitior
463 3263 656 3350 Euripidem
689 3265 872 3331 forensibus
895 3263 1147 3330 Atheniensium
1181 3264 1298 3330 studiis

221 3377 365 3444 vicissim
402 3379 565 3445 addidisse
600 3380 796 3463 stimulum,
832 3401 933 3466 eaque
965 3401 1004 3444 ex
1035 3378 1126 3448 illius
1150 3378 1299 3464 exemplo
1407 3395 1410 3404 '

222 3515 306 3559 nova
328 3495 528 3560 incrementa
550 3496 693 3580 cepisse3
718 3495 775 3562 sed
798 3502 908 3561 tamen
920 3494 1064 3579 iniquius
1076 3494 1158 3559 mihi
1171 3493 1300 3559 videtur

221 3607 403 3692 Aeschylus
414 3608 674 3693 Aristophaneus
686 3609 770 3674 hane
780 3607 863 3674 ferre
874 3608 1071 3674 seutentiam
1081 3607 1183 3693 longe
1193 3606 1299 3672 duris-

224 3722 342 3787 simam
366 3721 465 3806 (Ran.
493 3742 538 3787 vs.
568 3724 650 3786 1011
679 3723 783 3809 sqq.),
801 3722 992 3809 Euripidem
1008 3721 1094 3786 cives
1106 3725 1138 3787 ἐκ
1149 3725 1300 3808 χρηστῶν

223 3841 270 3902 καὶ
312 3839 468 3922 γενναίων
509 3834 774 3926 μοχθηροτάτους
812 3831 988 3908 ἀποδεῖξαι,
1026 3834 1161 3919 ideoque
1197 3837 1301 3897 morte

223 3947 362 4034 dignum
385 3967 464 4012 esse.
511 3945 586 4011 Non
610 3969 630 4011 a
653 3945 721 4012 solo
746 3946 903 4031 Euripide
926 3945 1022 4012 istius
1045 3947 1116 4012 aevi
1138 3945 1248 4012 studia
1266 3953 1301 4011 et

223 4080 328 4125 mores
352 4065 563 4124 emanaruntz
587 4080 735 4125 summae
758 4065 808 4125 est
832 4057 1063 4144 incogitantiae
1086 4065 1216 4126 tantum
1243 4061 1301 4124 uni

225 4171 293 4240 rino
317 4175 475 4252 tribuere3
496 4195 561 4239 non
580 4175 690 4239 minus
709 4172 868 4262 μοχθηροὶ
880 4171 1060 4238 evasissent
1071 4172 1300 4257 Aristophanis

224 4286 373 4372 aequales
397 4288 426 4352 si
448 4287 559 4353 nullus
583 4308 728 4372 unquam
751 4284 868 4352 fuisset
891 4284 1073 4370 Euripides.

259 4450 267 4481 ¹
300 4449 380 4500 Arist.
399 4448 495 4498 Avium
513 4463 549 4496 vs.
568 4447 621 4496 110.

684 4546 846 4576 -οον-
