3284 5338
771 428 831 488 119

301 612 390 690 Quae
414 632 514 696 quum
539 611 586 674 ita
609 610 688 693 sint,
713 611 892 675 cavendum
916 609 977 674 erit
1000 632 1040 674 ne
1063 609 1161 674 nimis
1186 609 1329 676 offenda·

254 745 326 788 mur
358 723 456 788 cruda
479 729 513 787 et
534 742 648 806 aspera
671 722 917 805 maledicentia,
943 745 1007 809 qua
1030 721 1208 788 identidem
1232 724 1329 789 Euri-

256 837 364 920 pidern
399 837 530 902 lacessit
553 836 712 912 comicus3
737 835 918 900 cavendum
945 858 986 900 ne
1010 835 1212 902 stomachum
1236 837 1329 902 nobis

251 949 434 1014 concitante
457 948 515 1013 illa
539 947 660 1014 lasciva
681 954 715 1012 et
730 969 832 1032 paene
848 949 981 1032 pudoris
1000 954 1131 1032 experte
1146 949 1327 1034 dicacitate,

250 1062 352 1124 amari
374 1061 502 1126 corticis
526 1082 623 1125 causa
647 1061 776 1126 dulcem
800 1082 926 1147 quoque
950 1083 1066 1127 nucem
1084 1083 1292 1150 aspernemur
1305 1075 1326 1147 ¹,

250 1181 282 1238 et
316 1175 569 1241 subtilissimum
604 1175 714 1240 nasuti
746 1176 887 1240 censorin
915 1175 1077 1261 judicium
1116 1198 1325 1262 respuamus,

249 1288 324 1370 quia
342 1286 426 1371 jocis
450 1287 537 1352 haud
560 1310 631 1352 raro
655 1287 844 1353 scurrilibus
868 1288 920 1352 vel
945 1288 1045 1354 etiam
1060 1288 1227 1353 obscoenis
1248 1309 1324 1353 con-

222 1397 225 1402 '
249 1399 399 1464 tineatur.
426 1400 512 1464 Nam
535 1421 647 1465 verum
663 1406 712 1465 est
735 1400 821 1485 quod
837 1401 1073 1486 Aristophanes
1089 1401 1159 1486 ipse
1169 1401 1327 1486 jactavit:

247 1514 284 1576 τὸ
317 1508 435 1577 δίκαιον
468 1509 531 1577 οἶδε
565 1517 612 1575 καὶ
644 1509 841 1598 τρογῳὸίαῖ,
877 1519 910 1578 et
944 1513 1039 1579 facile
1067 1513 1098 1578 ei
1120 1513 1325 1581 concedimus

249 1621 335 1705 quod
370 1645 390 1688 a
421 1627 655 1708 spectatoribus
686 1626 749 1690 sibi
781 1605 976 1711 aliquando,
992 1626 1067 1710 jure
1090 1627 1268 1713 meritoque
1289 1632 1327 1691 ut

248 1756 307 1819 ego
338 1736 467 1820 opinor,
492 1744 640 1823 precatus
664 1745 733 1804 est:

408 1855 539 1938 σμικρὸν
562 1850 587 1919 δ’
608 1851 779 1918 ὑποθέσθαι
799 1860 866 1925 τοῖς
888 1861 1018 1937 κριταῖσι
1038 1849 1209 1938 βούλομαι·

306 1965 374 2030 τοῖς
396 1966 510 2042 σοφοῖς
530 1961 601 2040 μέν,
624 1963 688 2024 τῶν
710 1961 820 2042 σοφῶν
841 1961 1052 2039 μεμνημένους
1074 1962 1188 2044 κρίνειν
1210 1961 1274 2040 ἐμέ,

307 2069 375 2135 τοῖς
396 2061 513 2146 γελῶσι
536 2058 562 2127 δ’
583 2059 696 2138 ἡδέως,
719 2059 769 2128 διὰ
790 2063 825 2127 τὸ
847 2059 946 2146 γελᾶν
968 2066 1081 2147 κρίνειν
1103 2064 1180 2142 ἐμέῧ.

245 2261 409 2309 “tenverderb
433 2261 551 2320 kr'dnkle‚
568 2265 623 2311 dass
642 2278 671 2312 cr
688 2262 793 2326 unsrihig
811 2263 836 2310 in
854 2261 973 2312 Untiefen
990 2277 1021 2308 zu
1039 2261 1136 2310 blicken
1153 2263 1222 2312 nicht
1238 2263 1323 2312 einsah

245 2349 309 2396 “wie
330 2349 387 2397 sehr
408 2351 452 2398 der
473 2349 582 2400 innerote
602 2351 690 2401 Grund
708 2353 750 2399 des
768 2350 850 2400 staats
867 2349 964 2400 moruch
980 2351 1126 2413 geworden,
1143 2353 1193 2400 und
1212 2351 1253 2402 die
1274 2352 1323 2404 Ge·

245 2437 386 2486 “sellschest
406 2438 492 2486 keiner
511 2438 706 2502 Wiedergeburt
727 2439 809 2501 sthig,
827 2439 934 2487 sondern
956 2452 1005 2486 von
1026 2439 1187 2490 unheilbmn
1207 2441 1321 2492 Schhdeu

246 2527 430 2589 “angegriffen,
448 2541 495 2576 von
513 2528 581 2577 allen
608 2527 823 2577 veterlhndischen
849 2527 1009 2578 Traditionen
1035 2529 1193 2592 obgewichen
1210 2533 1260 2579 und
1278 2545 1322 2579 un·

245 2615 369 2664 “bewusst
385 2631 435 2664 von
451 2631 531 2666 neuen
551 2617 754 2680 Auschonungeu
774 2617 908 2681 umfangen
928 2631 987 2666 war.
1018 2617 1058 2667 'Er
1082 2619 1221 2669 verkannte
1246 2621 1322 2670 daher

244 2705 301 2752 “die
318 2705 435 2768 plotzlich
452 2707 666 2770 eingohrochenen
682 2707 853 2770 Neuerungen
870 2707 921 2755 und
937 2706 1106 2770 Gegenshtze,
1124 2708 1251 2758 vielleicht
1265 2710 1322 2758 weil
1366 2734 1372 2749 ι

244 2797 287 2842 “er
304 2794 360 2842 dort
377 2794 448 2843 mehr
464 2795 608 2845 Leichtsinn
625 2796 661 2844 als
680 2796 870 2859 eingewnrzeltc
890 2796 980 2845 Laeter
996 2796 1066 2852 ἡμᾶς
1087 2797 1190 2846 αΙεᾱιιαιι
1206 2813 1257 2847 war
1276 2799 1320 2847 der

243 2882 343 2932 “Wahn
365 2884 474 2944 erlaubt‚
500 2885 541 2934 ein
566 2901 593 2936 so
619 2886 750 2950 begabtes‚
774 2886 838 2938 noch
859 2900 904 2936 vor
924 2885 1095 2936 Jahrnehnten
1112 2887 1320 2949 gesundes·Volk

244 2971 341 3020 “konno
362 2974 439 3022 durch
464 2975 612 3024 ltcherliche
637 2976 723 3025 Bilder
743 2978 794 3024 und
816 2975 929 3024 schurfen
946 2975 1032 3038 Spott,
1052 2974 1098 3023 mit
1115 2974 1250 3040 kr'altigem
1266 2979 1320 3026 Zu-

244 3061 349 3123 “spruch
366 3063 495 3124 gemischt,
512 3066 628 3114 eusdem
644 3068 740 3113 wilstan
757 3065 856 3114 Rausdr
872 3063 993 3127 gerhttelt
1010 3063 1134 3113 werden.''

277 3149 286 3181 ¹
302 3150 375 3213 Quod
389 3153 478 3202 accidit
492 3167 513 3204 e.
523 3169 548 3217 g.
562 3156 693 3212 Bornesio,
711 3169 724 3202 e
742 3154 839 3217 tripode
856 3155 890 3202 sic
908 3153 1088 3216 pronuncianti:
1106 3155 1206 3217 “quiin
1223 3156 1320 3205 Aristo-

242 3239 347 3302 “phnnis
363 3242 478 3290 conviciis
495 3244 625 3293 veritatem
642 3252 712 3306 putat
730 3244 805 3292 ullam
823 3257 883 3302 esse,
895 3242 987 3291 fmstra
999 3240 1059 3291 est.''
1077 3242 1318 3308 (transumpta

243 3332 324 3379 Immo
342 3333 413 3394 παρὰ
431 3336 484 3388 τοῖς
502 3336 629 3397 κωμικοῖς,
647 3340 675 3382 nt
691 3333 821 3381 verissime
839 3331 937 3396 scripsit
953 3331 1098 3382 Athenaeus
1115 3332 1137 3393 I,
1153 3347 1209 3397 ραις.
1226 3334 1285 3394 210,
1303 3336 1317 3395 ἡ

244 3419 298 3480 περὶ
316 3426 368 3468 τῶν
385 3425 510 3484 τραγικῶν
527 3419 657 3472 α’πὸκιιται
677 3423 767 3480 πίστις.

275 3505 414 3558 'Acheru
432 3524 467 3557 vs.
485 3510 540 3559 500.

275 3596 284 3626 ³
301 3595 394 3646 Eoelcs,
412 3611 448 3647 vs.
469 3599 530 3646 1154
547 3612 597 3660 sqq.
