3284 5338
737 1019 912 1098 CAPUT
940 1022 1012 1098 Vl.

613 1239 789 1286 numerous
813 1240 931 1286 MORUM
955 1241 1154 1287 OORBUP'I'OB.

794 1421 972 1437 ’θΛΛΛΛΛΛΜΛΛι

388 1563 468 1629 Post
501 1585 616 1649 graves
654 1563 727 1629 illas
767 1566 986 1631 accusationes
1021 1563 1061 1630 de
1094 1564 1289 1632 labefactalo
1325 1565 1417 1632 cultu

342 1677 474 1742 deorum
498 1683 532 1742 et
554 1676 594 1743 de
617 1676 844 1744 commendata
866 1678 1049 1764 peruiciosa
1071 1678 1234 1763 facundia,
1258 1700 1347 1746 nunc
1370 1681 1414 1745 ad

341 1812 458 1856 novam
470 1839 479 1874 ,
503 1791 587 1857 hanc
609 1793 736 1878 quoque
746 1811 811 1858 uon
823 1791 948 1874 levem,
973 1791 1133 1874 venimus,
1157 1790 1417 1858 videlieetEuri-

341 1904 450 1989 pidem
473 1926 578 1970 mores
602 1905 722 1970 civium
746 1903 938 1989 corrupisse.

385 2017 546 2103 Objicitur
569 2019 721 2105 Euripidi
745 2019 785 2084 ab
804 2019 967 2104 Aeschylo
985 2019 1020 2082 in
1037 2017 1202 2082 Ranarum
1218 2017 1331 2084 fabula
1350 2018 1414 2103 (vs.

342 2135 444 2210 1043)
467 2131 553 2218 quod
574 2133 693 2199 abusus
716 2132 760 2198 sit
783 2154 878 2198 scena
900 2130 1024 2218 tragica
1045 2132 1087 2196 ad
1102 2130 1323 2216 producendas
1340 2135 1417 2219 πόρ-

341 2273 409 2320 νας,
433 2246 615 2312 Phaedram
638 2245 813 2329 nimirum,
841 2244 1050 2330 Melanippen
1076 2243 1168 2309 illam
1189 2243 1417 2330 intempestive

339 2355 635 2444 philosophantem,
665 2359 912 2438 Stheneboeam‚
945 2358 1037 2442 alias,
1070 2357 1167 2443 idque
1204 2357 1317 2428 fecerit
1342 2357 1416 2423 odio

339 2469 522 2536 mulierum.
569 2471 665 2536 Brevi
699 2477 784 2557 post,
811 2472 981 2555 'impotens
1006 2472 1091 2553 irae,
1125 2470 1307 2555 Aeschylus
1337 2471 1416 2536 haec

340 2583 373 2646 in
397 2604 471 2648 enm
495 2585 618 2650 evomit
640 2585 739 2670 (Rau.
765 2607 810 2652 vs.
839 2585 963 2665 1078):

496 2753 506 2774 t
580 2718 682 2779 ποίων
704 2710 736 2779 δὲ
757 2717 858 2779 κακῶν
880 2715 937 2777 οὐκ
958 2715 1056 2790 αἴτιός
1077 2715 1157 2782 ἐστ’;

580 2818 618 2883 οὐ
639 2822 852 2915 προαγωγοὺς
873 2816 1016 2893 κατέδειξ’
1038 2820 1132 2894 οὗτος
1145 2820 1175 2891 ¹,

581 2928 630 2989 καὶ
651 2927 816 2999 τικτούσας
838 2927 871 2988 ἐν
892 2934 960 3000 τοῖς
981 2923 1117 3010 ἱεροῖςῺ,

579 3034 626 3095 καὶ
647 3031 837 3115 μιγνυμένας
858 3037 959 3093 τοῖσιν
981 3024 1173 3113 ιἰδελφοῑςθῑ
1196 3037 1252 3086 etc·

384 3147 448 3214 Hic
482 3153 592 3213 tamen
627 3147 776 3212 dubitare
809 3147 914 3232 possis
948 3145 1028 3232 quid
1063 3146 1225 3231 vituperet
1259 3147 1412 3213 comicus.

301 3241 303 3245 ,
339 3261 441 3344 Nam,
475 3282 558 3346 quae
589 3268 659 3326 erat
680 3261 889 3346 antiquorum
912 3258 1094 3342 hominum,
1118 3257 1415 3344 Aristophanisque

338 3395 415 3458 prae
449 3373 584 3458 multis,
621 3373 684 3439 oris
720 3372 869 3456 libertas,
894 3373 950 3437 vix
972 3377 1087 3457 putare
1120 3376 1248 3457 poterat
1284 3394 1412 3437 morum

339 3486 537 3571 corruptelae
553 3485 694 3551 multum
710 3483 787 3552 addi
808 3486 837 3550 si
857 3484 966 3570 palam
979 3505 1084 3549 sermo
1107 3483 1199 3550 fieret
1221 3484 1261 3550 de
1284 3485 1413 3550 adulte-

339 3597 402 3680 rio,
426 3599 466 3664 de
502 3598 629 3685 virgine
659 3597 775 3664 vitiata
808 3601 842 3662 et
864 3597 904 3662 de
935 3596 1097 3663 similibus
1120 3598 1215 3664 rebus
1238 3597 1410 3683 pudendis.

340 3714 416 3798 Ipse
428 3711 680 3797 Aristophanes,
706 3710 776 3794 cui,
801 3709 883 3775 utin
896 3709 1044 3775 Platonis
1059 3709 1215 3776 Convivia
1230 3719 1244 3758 ⁴
1258 3709 1338 3776 dicit
1352 3711 1412 3776 So-

340 3831 455 3910 cratae,
481 3830 549 3914 περὶ
571 3823 730 3890 Διόνυσον
752 3826 800 3889 καὶ
825 3819 1016 3909 Ἀφροδίτην
1036 3826 1123 3888 πᾶσα
1145 3825 1164 3898 ἡ
1184 3820 1340 3910 διατριβή,
1363 3831 1413 3888 tot

340 3945 379 4018 ’ἱ
414 3985 546 4037 Nutricem
563 3945 693 4035 Phaedrae
710 3985 737 4032 in
754 3982 836 4032 fabula
853 3981 996 4046 Hippolyto.

371 4075 382 4106 ¹
415 4077 517 4138 Augen.

370 4163 381 4196 ⁸
414 4165 489 4215 Aeoli
516 4165 583 4216 filias.
618 4167 732 4215 Eandem
752 4165 784 4214 oh
801 4177 900 4214 musam
917 4176 992 4225 supra
1007 4176 1043 4210 vs.
1061 4160 1110 4210 850
1127 4161 1217 4212 dicitur
1234 4162 1331 4228 γάμους
1348 4166 1411 4215 ἀνο-

338 4257 409 4314 σίους
434 4255 539 4321 incipero
564 4257 590 4314 ἐς
615 4256 664 4316 τὴν
677 4256 783 4321 τέχνην.
819 4254 922 4306 Scilicet
938 4253 965 4302 in
982 4251 1063 4303 Aeolo
1079 4251 1193 4301 dramate
1210 4252 1288 4315 ἐβίνει
1303 4252 1412 4318 ἁδελφὸς

337 4360 386 4404 την
402 4342 557 4408 ὁμομητρίαν
574 4345 685 4410 ἀδελφὴν
702 4345 826 4408 (Canacen
842 4342 985 4405 Macareus)
1002 4339 1068 4389 Nub.
1086 4354 1123 4388 vs.
1144 4339 1318 4400 137l;conler.
1334 4343 1410 4392 etiam

337 4432 450 4482 acclama
467 4434 568 4495 parodia
583 4448 669 4484 versus
686 4450 718 4484 ex
736 4436 781 4484 hac
798 4434 926 4498 tragoedia
942 4433 967 4480 in
986 4431 1051 4481 Rau.
1068 4441 1104 4478 vs.
1123 4430 1194 4482 1475.

371 4524 381 4554 ⁴
414 4524 477 4585 Pag.
498 4523 543 4575 177
559 4524 590 4572 E.
