3258 5328
748 443 786 504 21

234 625 377 691 animive
405 624 541 690 humani
569 622 781 688 confunderet
797 627 817 688 ¹.
858 623 911 690 Sic
935 625 1067 709 Jupiter
1090 632 1124 691 et
1147 628 1258 693 aether
1277 630 1306 695 ei

233 740 321 804 idern
355 739 421 804 fere
453 737 641 826 significant
655 735 683 814 '3
719 737 804 802 iuter
841 736 989 803 Cererem
1024 744 1057 803 et
1091 744 1209 805 terrem
1251 743 1307 806 vix

235 853 407 938 quicquam
437 851 592 916 interesse
615 855 712 935 putat
728 858 758 926 8;
783 871 886 934 neque
909 849 1021 915 Venus
1045 873 1065 916 a
1088 851 1120 916 vi
1143 854 1306 937 genetrice

235 965 362 1029 diversa
396 962 426 1028 ei
460 962 625 1028 videtur.⁴.
674 961 746 1026 Duo
780 982 845 1026 non
880 984 952 1027 raro
976 963 1112 1029 numina
1133 964 1249 1031 miscet
1273 965 1306 1030 iu

234 1099 354 1160 unum,
380 1075 527 1142 Cererem
551 1098 576 1140 e.
594 1096 626 1160 g.
653 1080 686 1140 et
710 1073 852 1157 Cybelen
868 1082 889 1138 ⁵.
927 1074 1155 1142 Narrationem
1179 1077 1219 1142 de
1243 1077 1306 1143 diis

235 1189 291 1255 ubi
314 1189 411 1254 nimis
435 1188 587 1254 censebat
609 1186 787 1273 puerilem,
813 1185 923 1272 aliqua
946 1186 1215 1275 interpretatione
1231 1191 1305 1275 phi·

234 1301 400 1387 losophioa
433 1301 599 1366 meliorem
633 1301 662 1365 ei
688 1299 859 1385 ¹subjicere
889 1322 1022 1366 sensum
1057 1302 1224 1368 studebat:
1260 1304 1306 1368 sio

234 1414 385 1498 mythum
413 1415 454 1479 de
485 1413 611 1480 Baoeho
642 1435 681 1479 ex
705 1413 798 1479 Jovis
822 1413 943 1479 femore
967 1421 1044 1480 nato
1067 1437 1124 1501 per
1147 1417 1305 1501 etymolo-

146 1556 150 1564 ·
233 1528 341 1614 gieum
367 1533 586 1594 commentum
611 1527 674 1592 sibi
699 1527 787 1592 visus
811 1533 861 1592 est
876 1527 1038 1613 explicare
1052 1537 1083 1612 θ,
1101 1529 1181 1594 mire
1194 1536 1304 1596 temen

234 1640 426 1724 absurdum,
455 1662 536 1727 quae
559 1645 629 1706 erat
651 1640 857 1726 antiquorum
882 1640 1052 1706 hominum
1076 1641 1111 1706 in
1135 1643 1305 1724 verborum

235 1753 413 1838 originibus
438 1752 676 1840 investigandis
699 1752 870 1838 imperitia.

280 1867 354 1933 Non
378 1875 488 1933 tamen
511 1867 598 1932 ultra
619 1866 839 1932 dubitationes
853 1888 1043 1952 progressus
1059 1847 1124 1946 est;
1142 1890 1306 1954 quumque

235 1980 339 2063 viam,
376 2001 440 2066 qua
471 1979 653 2062 institerat,
687 2000 752 2044 non
782 1979 824 2043 ed
860 1979 959 2046 finem
992 1981 1186 2066 decurrerit,
1217 1981 1305 2047 athei

230 2115 353 2159 nomen
377 2115 442 2159 non
459 2093 613 2168 abomni
634 2099 725 2177 parte
746 2092 780 2156 in
791 2114 864 2157 eum
880 2093 1036 2177 competit
1047 2093 1068 2159 ⁷.
1097 2093 1183 2174 Quid
1196 2101 1305 2188 autem

268 2257 275 2288 ¹
295 2257 327 2306 Κ.
354 2257 383 2309 0.
408 2257 500 2308 Mdller
525 2256 709 2319 Prolegomens
733 2269 765 2303 zu
789 2255 860 2305 einer
880 2255 1132 2306 wisseusehsbliehsn
1148 2255 1308 2321 Mythologie

234 2362 292 2410 pag.
300 2347 340 2396 90:
357 2346 514 2412 “Aeschylus
522 2345 1110 2409 undSophoklesglsubtennoeh,unddiethter
1118 2350 1222 2398 standon
1230 2347 1307 2398 ihnen
1353 2353 1355 2361 “

234 2436 278 2485 “iu
286 2435 354 2484 ihrer
362 2435 560 2486 Persdnliehkeit
568 2436 722 2497 lebhstt,wie
730 2437 860 2490 wirkliehe
868 2440 969 2498 wesen,
977 2455 1022 2489 vor
1032 2442 1136 2505 Augen.
1152 2440 1198 2490 Bei
1206 2440 1306 2504 Euripi·

216 2537 218 2541 ’
235 2528 297 2576 “des
312 2527 372 2576 uber
388 2527 422 2576 ist
438 2527 480 2576 ein
496 2529 615 2592 genuisses
624 2527 823 2592 Philosophiren,
833 2527 931 2578 freilieh
941 2526 1104 2576 einziemlioh
1113 2527 1308 2578 sehwsnkendes

236 2616 1308 2682 “undunentsehiedensqssstgsmsnffieStelledermythisehenReligiongetreteu.”

268 2704 280 2736 ²
296 2705 361 2755 Zeus
381 2727 408 2750 =
428 2707 514 2756 aether
530 2708 555 2754 in
573 2707 662 2772 fragm.
680 2708 729 2758 836
747 2709 848 2770 Wagn,
865 2707 914 2757 936
931 2705 1019 2756 Dind:

431 2795 492 2860 ὁρᾷς
509 2797 555 2844 τὸν
572 2796 638 2862 ὑψοῦ
656 2796 723 2847 τόνδ’
741 2798 848 2861 ἄπειρον
865 2794 952 2860 αἰθέρα

347 2899 350 2904 ·
431 2886 472 2933 καὶ
489 2889 539 2951 γῆν
555 2882 625 2952 sript!
640 2887 725 2952 ἔχονθ’
742 2886 831 2953 ὑγραῖς
847 2887 875 2936 ἐν
891 2884 1016 2951 ἀγκάλαις
1024 2903 1032 2946 ;

432 2977 523 3026 τοῦτον
540 2976 624 3039 νόμιζε
640 2981 722 3038 Ζῆνα,
739 2973 807 3028 τόνδ’
825 2975 889 3042 ἡγοῦ
907 2973 973 3024 θεόν.

236 3078 297 3128 quse
314 3080 346 3113 ex
363 3063 440 3112 Ennii
456 3063 570 3114 versione
587 3064 675 3116 Cicero
691 3066 721 3115 de
738 3067 771 3116 N.
788 3067 867 3116 Deor.
884 3065 921 3122 11,
936 3066 954 3114 2
970 3063 1006 3112 sie
1022 3063 1094 3113 ciret:

196 3199 200 3206 .
333 3158 419 3218 οτρίττ
436 3155 481 3204 loe
497 3141 602 3204 sublime
619 3156 739 3214 caudens,
754 3135 966 3221 quem-rosanae
982 3167 1066 3202 omnes
1082 3153 1176 3203 lovem.

236 3244 278 3295 Sie
294 3244 368 3293 etiam
386 3243 476 3308 fragm.
493 3244 542 3295 869
559 3245 645 3294 Danu:

498 3332 555 3382 ἀλλ’
572 3333 647 3398 αἰθὴρ
664 3334 740 3382 τίκτει
757 3350 792 3391 σι,
809 3333 884 3398 κόρα,

496 3425 555 3481 Ζεὺς
572 3426 601 3482 ’ὸς
617 3423 666 3484 (ἐν)
683 3423 830 3485 ἀνθρώποις
846 3421 1002 3484 ὀνομάζεται.

270 3514 281 3544 ³
298 3515 349 3564 Vd.
366 3513 493 3564 Phoeniss.
510 3529 547 3562 vs.
566 3514 697 3564 uer-693
713 3522 738 3561 et
753 3512 818 3561 eonf.
835 3511 926 3561 Bseeh.
943 3526 980 3562 vs.
997 3512 1047 3562 275
1063 3524 1100 3572 sq.

271 3606 280 3635 ⁴
298 3606 349 3655 Vd.
366 3604 468 3668 Hippol.
486 3618 521 3652 vs.
539 3604 588 3656 447
605 3618 656 3668 sqq.
674 3604 745 3651 etde
763 3601 878 3650 hocloco
896 3617 919 3651 r.
937 3601 1060 3665 Limburg
1077 3602 1198 3650 Brouwer
1215 3601 1311 3652 Ρτοοτο

237 3710 295 3744 oter
312 3695 454 3764 Dumpides
468 3707 526 3757 psg.
545 3693 599 3752 132,
615 3694 638 3742 3.

270 3783 280 3815 ¹
298 3784 349 3833 Vd.
367 3783 460 3833 Helen.
477 3799 513 3833 vs.
534 3784 704 3838 mir-1384.

271 3871 282 3903 ⁶
298 3876 377 3936 μηρὸς
394 3899 426 3910 -·
443 3872 550 3938 ὅμηρος,
568 3872 650 3923 Baoch
676 3887 710 3922 vs.
727 3873 776 3922 286
793 3869 913 3936 sqq.';nisi
921 3871 1093 3935 interpolatori
1102 3871 1143 3919 hio
1150 3869 1310 3919 locusdebes·

148 3961 152 3969 “
238 3973 291 4020 tur,
308 3970 337 4013 ut
352 3964 504 4013 contendunt
521 3962 666 4013 Diodorfius
683 3962 774 4026 aliique
790 3962 956 4019 reconderem
971 3959 1003 4008 cf.
1020 3959 1081 4023 Gap.
1099 3960 1124 4009 V
1134 3957 1311 4007 versusfinem.

271 4051 385 4102 ⁷'Verba
410 4051 539 4116 Talthybii
561 4051 586 4099 in
605 4051 709 4101 Hecube
725 4066 760 4099 vs.
779 4052 829 4100 488
845 4065 895 4114 sqq.
914 4049 976 4098 mihi
993 4049 1109 4097 videntur
1126 4047 1203 4110 ipsius
1217 4057 1310 4109 ,poetes

238 4143 349 4191 animum
366 4142 529 4199 ἐνδοιάζοντα
545 4149 697 4191 monstraro:

435 4232 453 4278 ὦ
472 4233 527 4292 Ζεῦ,
544 4231 568 4280 τί
585 4228 661 4292 λέξω
680 4231 774 4295 πότερά
790 4228 812 4279 τ’
830 4229 982 4294 ἀνθρώπους
998 4227 1073 4292 ὁρᾶν,

436 4320 452 4380 ἦ
469 4320 545 4377 δόξαν
562 4321 646 4378 ἄλλως
662 4318 736 4379 τήνδε
751 4317 883 4378 κεκτῆσθαι
898 4316 995 4382 μάτην,

437 4409 543 4474 [ψενδῆ,
558 4409 696 4466 δοκοῦντας
714 4406 841 4471 δαιμόνων
857 4408 922 4456 εἶναι
939 4403 1039 4470 γένος,]

437 4498 516 4563 τύχην
532 4499 556 4549 u
574 4499 659 4548 πάντα
677 4495 726 4548 τᾶν
741 4497 846 4563 βροτοῖς
862 4497 1021 4555 innotescam
