3284 5338
748 454 809 516 129

311 636 381 704 οὐδὲ
398 637 593 703 πυνθάνεσθε
612 639 704 710 ταῦτ’,
723 638 747 700 ὦ
765 633 924 724 παρθένοι,
941 637 999 702 τάν
1023 642 1062 724 τῇ
1073 638 1178 710 πάλει;
1195 644 1252 698 etc.

158 752 165 767 ·
229 733 323 806 Quem
344 751 461 792 versum
482 732 610 810 petitum
631 750 693 792 esse
715 750 750 791 ex
772 730 925 809 Euripidis
943 732 1131 805 Alcmaeone,
1149 738 1306 792 auctorest

229 827 395 888 scholiasta.

977 907 1090 971 (uragu.
1106 909 1138 960 cr
1155 907 1241 970 orna.)

268 1053 410 1116 lluhium
430 1073 472 1113 vs.
494 1057 545 1113 30:

392 1148 469 1236 ἀταρ
491 1152 521 1213 τέ
542 1151 639 1235 χρέος
662 1146 722 1234 έβα
743 1177 778 1230 με
799 1151 873 1230 μετὰ
895 1151 952 1215 τὸν
976 1152 1114 1220 Πασέαν;

269 1256 436 1316 Secundum
457 1256 548 1317 schol.
570 1257 714 1320 alluditur
735 1257 773 1317 ad
794 1256 942 1336 quendam
961 1258 1060 1317 locum
1082 1256 1246 1336 Euripidis:

388 1349 419 1416 τέ
440 1358 537 1440 χρέος
559 1350 619 1438 έβα
642 1349 744 1435 tcum

947 1461 1058 1524 (Eragm.
1078 1461 1140 1509 1000
1156 1461 1242 1523 Dind.)

270 1587 351 1651 lbid.
373 1607 417 1648 Vs.
439 1592 490 1646 42:

389 1682 443 1749 εἴθ’
465 1681 560 1768 ὤφελ’
583 1684 601 1758 ἡ
624 1683 830 1769 προμνήστρι’
853 1680 1025 1748 ἀπολέσθαι
1047 1688 1164 1759 κακῶς,
1187 1689 1263 1742 etc..

270 1777 361 1837 Recte
381 1777 505 1839 fortasse
525 1778 685 1838 scholiasta
706 1777 819 1837 confert
840 1776 963 1838 Medeae
980 1777 1157 1856 Euripideae
1172 1777 1306 1838 initium:

390 1871 443 1939 εἷθ’
465 1874 558 1960 ὤφελ’
580 1875 721 1961 Ἀργοῦς
741 1875 782 1956 μὴ
805 1871 990 1939 διαπτάσθαι
1012 1875 1134 1960 σκάφος
1156 1880 1211 1933 etc.

264 2066 353 2130 'thid
374 2086 416 2127 vs.
439 2071 495 2126 891
519 2067 561 2127 sic
582 2065 715 2143 injustus
736 2065 841 2152 λόγος
861 2064 977 2142 justum
998 2066 1171 2144 alloquitur:
1195 2095 1198 2104 ·

389 2161 430 2227 ἴθ’
451 2165 524 2228 ὅποι
546 2159 691 2249 χρῄζεις·
714 2158 799 2225 πολὺ
820 2161 883 2246 γὰρ
904 2159 1031 2243 μᾶλλόν
1053 2161 1082 2224 σ’

377 2261 423 2323 “ε’ν
443 2266 511 2332 ταῖς
532 2255 685 2321 πολλοῖσι
706 2254 811 2341 λέγων
833 2254 955 2320 ἀπολῶ·

271 2353 366 2427 Quae‚
389 2352 415 2412 si
434 2350 507 2411 fidas
527 2350 717 2422 scholiastae,
741 2349 886 2410 imitando
907 2367 1043 2428 expressa
1063 2355 1134 2409 sunt
1154 2348 1192 2409 ad
1208 2350 1262 2410 hos
1276 2351 1308 2409 in

232 2446 383 2525 Euripidis
405 2445 535 2524 Telepho
556 2450 742 2523 anapaestos:

350 2602 353 2611 .
389 2541 431 2608 ἴθ’
452 2546 525 2608 ὅποι
547 2539 690 2628 χρῄζεις·
713 2540 770 2604 οὐκ
792 2539 971 2622 ἀπολοῦμαι

392 2647 447 2712 τῆς
469 2647 526 2711 σῆς
547 2635 679 2710 Ἑλένης
702 2635 822 2699 οὕνεκα.

962 2731 1073 2793 (Fragm.
1091 2733 1137 2782 721
1158 2732 1244 2795 Dind.)

275 2862 359 2926 ltid.
380 2881 423 2922 vs.
447 2864 524 2921 1154
546 2878 602 2934 sq.:

392 2955 557 3043 βοάσομαί
578 2956 657 3041 τάρα
678 2955 736 3019 τάν
758 2956 932 3041 ὑπέρτονον

392 3050 495 3139 βοάν·
517 3052 570 3122 ἰώ,
592 3048 694 3115 κλάετ’
717 3047 950 3136 ὦβολοστάται·

274 3147 440 3208 Scholiasta
469 3145 541 3205 haec
573 3151 672 3204 sumta
697 3143 771 3204 dicit
792 3163 827 3203 ex
848 3143 1001 3223 Euripidis
1023 3144 1124 3216 Peleo,
1146 3145 1247 3224 ibique
1268 3147 1310 3207 sic

232 3243 343 3304 lectum
364 3242 467 3303 fluisse:

393 3336 557 3424 βοάσομαί
577 3335 655 3423 τάρα
676 3336 734 3400 τὰν
757 3337 931 3420 ὑπέρτονον

394 3430 494 3518 βοάν·
518 3434 568 3505 ἰώ,
591 3432 742 3496 πάλαισιν
765 3431 783 3505 ἥ
806 3459 854 3505 τις
874 3434 906 3495 ἐν
926 3428 1048 3513 δόμοις;

947 3527 1059 3589 (Eragm.
1076 3528 1141 3576 6252:
1157 3527 1245 3591 Dind.)

274 3658 356 3723 lbld.
377 3677 420 3718 vs,
444 3661 534 3718 1165:

395 3755 419 3818 ὦ
440 3754 564 3826 τέκνον,
587 3754 611 3816 ὦ
633 3760 704 3822 παῖ,
726 3747 831 3823 ’ἔξελθ’
853 3751 963 3823 οἴκων,

395 3849 440 3914 ἀϊε
462 3855 520 3913 σοῦ
541 3849 673 3934 πατρός·

274 3944 370 4006 Schol.
393 3942 509 4004 Codicis
531 3941 686 4002 Leidensis
706 3940 782 4001 citat
802 3958 920 4001 versum
942 3960 977 4002 ex
1000 3941 1125 4002 Hecuba
1148 3947 1217 4004 173:

314 4041 338 4104 ὦ
359 4048 431 4111 παῖ,
453 4047 523 4112 παῖ,
545 4034 729 4116 [Πολυξένη
752 4033 918 4115 δηλονότι]
941 4035 1056 4109 ἔξελθ’,
1079 4035 1185 4111 ἔξελθ’
1207 4040 1310 4112 οἴκων,

232 4155 336 4215 parum,
358 4139 493 4195 accurate
514 4138 628 4205 tamen,
650 4149 719 4191 eum
739 4129 819 4209 apud
839 4129 1013 4209 Euripidem
1034 4131 1162 4210 legatur:
1195 4161 1197 4165 ·

637 4230 661 4294 ὦ
682 4231 806 4299 τέκνον,
829 4227 854 4290 ὦ
874 4236 930 4292 παῖ

396 4325 628 4400 δυστανοτάτας
648 4326 796 4411 ματέρος,
818 4320 939 4396 ἔξελθ’,

394 4420 498 4494 ἔξελθ’
521 4421 632 4493 οἴκων,
654 4420 699 4484 di:
719 4421 853 4504 ματέρος

394 4519 501 4587 αὐδάν·
