<?xml version="1.0" encoding="UTF-8"?>
<!DOCTYPE html PUBLIC "-//W3C//DTD XHTML 1.0 Transitional//EN"
    "http://www.w3.org/TR/xhtml1/DTD/xhtml1-transitional.dtd">
<html xmlns="http://www.w3.org/1999/xhtml" xml:lang="en" lang="en">
 <head>
  <title>
</title>
<meta http-equiv="Content-Type" content="text/html;charset=utf-8" />
  <meta name='ocr-system' content='tesseract 3.04.00' />
  <meta name='ocr-capabilities' content='ocr_page ocr_carea ocr_par ocr_line ocrx_word'/>
</head>
<body>
  <div class='ocr_page' id='page_1' title='image "./specimenliterar00leeugoog_0091.png"; bbox 0 0 3284 5338; ppageno 0'>
   <div class='ocr_carea' id='block_1_1' title="bbox 854 469 894 532">
    <p class='ocr_par' dir='ltr' id='par_1_1' title="bbox 854 469 894 532">
     <span class='ocr_line' id='line_1_1' title="bbox 854 469 894 532; baseline 0.1 -4"><span class='ocrx_word' id='word_1_1' title='bbox 854 469 894 532; x_wconf 75' lang='lat'><strong>78</strong></span> 
     </span>
    </p>
   </div>
   <div class='ocr_carea' id='block_1_2' title="bbox 338 647 1414 3897">
    <p class='ocr_par' dir='ltr' id='par_1_2' title="bbox 339 647 1409 1074">
     <span class='ocr_line' id='line_1_2' title="bbox 339 647 1409 735; baseline -0.003 -20"><span class='ocrx_word' id='word_1_2' title='bbox 339 649 436 733; x_wconf 89' lang='lat' dir='ltr'><strong>ditis,</strong></span> <span class='ocrx_word' id='word_1_3' title='bbox 461 651 500 716; x_wconf 93' lang='lat' dir='ltr'><strong>de</strong></span> <span class='ocrx_word' id='word_1_4' title='bbox 523 650 640 735; x_wconf 88' lang='lat' dir='ltr'><strong>quibus</strong></span> <span class='ocrx_word' id='word_1_5' title='bbox 664 647 853 735; x_wconf 91' lang='lat' dir='ltr'><strong>plerumque</strong></span> <span class='ocrx_word' id='word_1_6' title='bbox 876 670 991 735; x_wconf 88' lang='lat' dir='ltr'><strong>parum</strong></span> <span class='ocrx_word' id='word_1_7' title='bbox 1015 652 1159 730; x_wconf 90' lang='lat' dir='ltr'><strong>constat,</strong></span> <span class='ocrx_word' id='word_1_8' title='bbox 1182 647 1276 732; x_wconf 88' lang='lat' dir='ltr'><strong>plura</strong></span> <span class='ocrx_word' id='word_1_9' title='bbox 1291 647 1409 712; x_wconf 81' lang='lat' dir='ltr'><strong>addere</strong></span> 
     </span>
     <span class='ocr_line' id='line_1_3' title="bbox 339 759 1409 849; baseline -0.002 -21"><span class='ocrx_word' id='word_1_10' title='bbox 339 785 420 849; x_wconf 90' lang='lat' dir='ltr'><strong>opus</strong></span> <span class='ocrx_word' id='word_1_11' title='bbox 443 769 508 840; x_wconf 83' lang='lat' dir='ltr'><strong>est3</strong></span> <span class='ocrx_word' id='word_1_12' title='bbox 534 761 673 828; x_wconf 82' lang='lat' dir='ltr'><strong>sufficiat</strong></span> <span class='ocrx_word' id='word_1_13' title='bbox 696 783 760 827; x_wconf 91' lang='lat' dir='ltr'><strong>uno</strong></span> <span class='ocrx_word' id='word_1_14' title='bbox 784 762 880 826; x_wconf 89' lang='lat' dir='ltr'><strong>verbo</strong></span> <span class='ocrx_word' id='word_1_15' title='bbox 904 759 1104 826; x_wconf 78' lang='lat' dir='ltr'><strong>mentionem</strong></span> <span class='ocrx_word' id='word_1_16' title='bbox 1126 759 1229 826; x_wconf 85' lang='lat' dir='ltr'><strong>facere</strong></span> <span class='ocrx_word' id='word_1_17' title='bbox 1252 761 1292 825; x_wconf 88' lang='lat' dir='ltr'><strong>de</strong></span> <span class='ocrx_word' id='word_1_18' title='bbox 1312 761 1409 826; x_wconf 87' lang='lat' dir='ltr'><strong>Pala-</strong></span> 
     </span>
     <span class='ocr_line' id='line_1_4' title="bbox 339 872 1409 961; baseline 0 -21"><span class='ocrx_word' id='word_1_19' title='bbox 339 873 450 957; x_wconf 83' lang='lat' dir='ltr'><strong>mede,</strong></span> <span class='ocrx_word' id='word_1_20' title='bbox 481 874 572 961; x_wconf 90' lang='lat' dir='ltr'><strong>cujus</strong></span> <span class='ocrx_word' id='word_1_21' title='bbox 606 873 734 941; x_wconf 87' lang='lat' dir='ltr'><strong>fabulae</strong></span> <span class='ocrx_word' id='word_1_22' title='bbox 769 880 997 960; x_wconf 83' lang='lat' dir='ltr'><strong>argumentum</strong></span> <span class='ocrx_word' id='word_1_23' title='bbox 1027 877 1096 937; x_wconf 89' lang='lat' dir='ltr'><strong>erat</strong></span> <span class='ocrx_word' id='word_1_24' title='bbox 1121 872 1213 937; x_wconf 90' lang='lat' dir='ltr'><strong>heros</strong></span> <span class='ocrx_word' id='word_1_25' title='bbox 1253 875 1286 937; x_wconf 93' lang='lat' dir='ltr'><strong>in</strong></span> <span class='ocrx_word' id='word_1_26' title='bbox 1318 875 1409 958; x_wconf 89' lang='lat' dir='ltr'><strong>judi-</strong></span> 
     </span>
     <span class='ocr_line' id='line_1_5' title="bbox 339 987 1005 1074; baseline 0 -22"><span class='ocrx_word' id='word_1_27' title='bbox 339 987 426 1053; x_wconf 94' lang='lat' dir='ltr'><strong>cium</strong></span> <span class='ocrx_word' id='word_1_28' title='bbox 448 989 607 1055; x_wconf 87' lang='lat' dir='ltr'><strong>adductus</strong></span> <span class='ocrx_word' id='word_1_29' title='bbox 630 997 663 1055; x_wconf 92' lang='lat' dir='ltr'><strong>et</strong></span> <span class='ocrx_word' id='word_1_30' title='bbox 683 988 798 1074; x_wconf 85' lang='lat' dir='ltr'><strong>capitis</strong></span> <span class='ocrx_word' id='word_1_31' title='bbox 821 989 1005 1053; x_wconf 89' lang='lat' dir='ltr'><strong>damnatus.</strong></span> 
     </span>
    </p>

    <p class='ocr_par' dir='ltr' id='par_1_3' title="bbox 338 1100 1410 1867">
     <span class='ocr_line' id='line_1_6' title="bbox 384 1100 1406 1180; baseline -0.002 -14"><span class='ocrx_word' id='word_1_32' title='bbox 384 1100 492 1180; x_wconf 81' lang='lat' dir='ltr'><strong>Quum</strong></span> <span class='ocrx_word' id='word_1_33' title='bbox 513 1113 622 1168; x_wconf 89' lang='lat' dir='ltr'><strong>autem</strong></span> <span class='ocrx_word' id='word_1_34' title='bbox 646 1103 679 1166; x_wconf 94' lang='lat' dir='ltr'><strong>in</strong></span> <span class='ocrx_word' id='word_1_35' title='bbox 702 1102 774 1168; x_wconf 86' lang='lat' dir='ltr'><strong>istis</strong></span> <span class='ocrx_word' id='word_1_36' title='bbox 795 1101 943 1167; x_wconf 89' lang='lat' dir='ltr'><strong>oratoriis</strong></span> <span class='ocrx_word' id='word_1_37' title='bbox 972 1101 1124 1166; x_wconf 89' lang='lat' dir='ltr'><strong>diverbiis</strong></span> <span class='ocrx_word' id='word_1_38' title='bbox 1145 1123 1242 1166; x_wconf 89' lang='lat' dir='ltr'><strong>causa</strong></span> <span class='ocrx_word' id='word_1_39' title='bbox 1268 1101 1406 1167; x_wconf 82' lang='lat' dir='ltr'><strong>deterior</strong></span> 
     </span>
     <span class='ocr_line' id='line_1_7' title="bbox 341 1213 1404 1301; baseline 0 -23"><span class='ocrx_word' id='word_1_40' title='bbox 341 1236 404 1279; x_wconf 92' lang='lat' dir='ltr'><strong>non</strong></span> <span class='ocrx_word' id='word_1_41' title='bbox 428 1215 553 1281; x_wconf 93' lang='lat' dir='ltr'><strong>minore</strong></span> <span class='ocrx_word' id='word_1_42' title='bbox 575 1214 729 1280; x_wconf 79' lang='lat' dir='ltr'><strong>facundia</strong></span> <span class='ocrx_word' id='word_1_43' title='bbox 750 1214 879 1280; x_wconf 89' lang='lat' dir='ltr'><strong>dicatur</strong></span> <span class='ocrx_word' id='word_1_44' title='bbox 899 1236 997 1301; x_wconf 88' lang='lat' dir='ltr'><strong>quam</strong></span> <span class='ocrx_word' id='word_1_45' title='bbox 1017 1213 1109 1300; x_wconf 87' lang='lat' dir='ltr'><strong>justa</strong></span> <span class='ocrx_word' id='word_1_46' title='bbox 1129 1235 1237 1298; x_wconf 86' lang='lat' dir='ltr'><strong>causa,</strong></span> <span class='ocrx_word' id='word_1_47' title='bbox 1261 1221 1295 1280; x_wconf 91' lang='lat' dir='ltr'><strong>et</strong></span> <span class='ocrx_word' id='word_1_48' title='bbox 1310 1236 1404 1299; x_wconf 85' lang='lat' dir='ltr'><strong>argu-</strong></span> 
     </span>
     <span class='ocr_line' id='line_1_8' title="bbox 339 1327 1407 1413; baseline 0.001 -21"><span class='ocrx_word' id='word_1_49' title='bbox 339 1328 478 1411; x_wconf 87' lang='lat' dir='ltr'><strong>mentis,</strong></span> <span class='ocrx_word' id='word_1_50' title='bbox 502 1328 643 1413; x_wconf 91' lang='lat' dir='ltr'><strong>pondere</strong></span> <span class='ocrx_word' id='word_1_51' title='bbox 667 1328 803 1393; x_wconf 91' lang='lat' dir='ltr'><strong>minime</strong></span> <span class='ocrx_word' id='word_1_52' title='bbox 827 1327 1014 1410; x_wconf 84' lang='lat' dir='ltr'><strong>destitutis,</strong></span> <span class='ocrx_word' id='word_1_53' title='bbox 1040 1348 1135 1412; x_wconf 84' lang='lat' dir='ltr'><strong>saepe</strong></span> <span class='ocrx_word' id='word_1_54' title='bbox 1146 1327 1195 1392; x_wconf 94' lang='lat' dir='ltr'><strong>uti</strong></span> <span class='ocrx_word' id='word_1_55' title='bbox 1212 1327 1320 1393; x_wconf 86' lang='lat' dir='ltr'><strong>videas</strong></span> <span class='ocrx_word' id='word_1_56' title='bbox 1334 1349 1407 1413; x_wconf 91' lang='lat' dir='ltr'><strong>per-</strong></span> 
     </span>
     <span class='ocr_line' id='line_1_9' title="bbox 339 1440 1410 1526; baseline -0.001 -20"><span class='ocrx_word' id='word_1_57' title='bbox 339 1461 434 1506; x_wconf 85' lang='lat' dir='ltr'><strong>sonas</strong></span> <span class='ocrx_word' id='word_1_58' title='bbox 469 1440 620 1507; x_wconf 86' lang='lat' dir='ltr'><strong>scelestas</strong></span> <span class='ocrx_word' id='word_1_59' title='bbox 652 1448 689 1507; x_wconf 91' lang='lat' dir='ltr'><strong>ut</strong></span> <span class='ocrx_word' id='word_1_60' title='bbox 720 1441 848 1526; x_wconf 88' lang='lat' dir='ltr'><strong>culpam</strong></span> <span class='ocrx_word' id='word_1_61' title='bbox 884 1463 905 1506; x_wconf 90' lang='lat' dir='ltr'><strong>a</strong></span> <span class='ocrx_word' id='word_1_62' title='bbox 933 1461 967 1506; x_wconf 91' lang='lat' dir='ltr'><strong>se</strong></span> <span class='ocrx_word' id='word_1_63' title='bbox 995 1447 1162 1522; x_wconf 84' lang='lat' dir='ltr'><strong>avertant,</strong></span> <span class='ocrx_word' id='word_1_64' title='bbox 1195 1463 1260 1506; x_wconf 94' lang='lat' dir='ltr'><strong>uon</strong></span> <span class='ocrx_word' id='word_1_65' title='bbox 1289 1441 1410 1526; x_wconf 76' lang='lat' dir='ltr'><strong>injuria.</strong></span> 
     </span>
     <span class='ocr_line' id='line_1_10' title="bbox 338 1552 1409 1639; baseline 0.003 -22"><span class='ocrx_word' id='word_1_66' title='bbox 338 1552 467 1618; x_wconf 86' lang='lat' dir='ltr'><strong>videtur</strong></span> <span class='ocrx_word' id='word_1_67' title='bbox 502 1554 722 1623; x_wconf 72' lang='lat' dir='ltr'><strong>succensuisse</strong></span> <span class='ocrx_word' id='word_1_68' title='bbox 749 1554 890 1620; x_wconf 88' lang='lat' dir='ltr'><strong>comicus</strong></span> <span class='ocrx_word' id='word_1_69' title='bbox 922 1554 1093 1639; x_wconf 84' lang='lat' dir='ltr'><strong>Euripidi,</strong></span> <span class='ocrx_word' id='word_1_70' title='bbox 1126 1554 1172 1619; x_wconf 91' lang='lat' dir='ltr'><strong>sic</strong></span> <span class='ocrx_word' id='word_1_71' title='bbox 1201 1575 1258 1639; x_wconf 89' lang='lat' dir='ltr'><strong>per</strong></span> <span class='ocrx_word' id='word_1_72' title='bbox 1280 1553 1409 1620; x_wconf 86' lang='lat' dir='ltr'><strong>fabulas</strong></span> 
     </span>
     <span class='ocr_line' id='line_1_11' title="bbox 339 1665 1408 1753; baseline 0 -23"><span class='ocrx_word' id='word_1_73' title='bbox 339 1687 414 1730; x_wconf 86' lang='lat' dir='ltr'><strong>suas</strong></span> <span class='ocrx_word' id='word_1_74' title='bbox 447 1665 576 1732; x_wconf 88' lang='lat' dir='ltr'><strong>docenti</strong></span> <span class='ocrx_word' id='word_1_75' title='bbox 608 1666 768 1752; x_wconf 91' lang='lat' dir='ltr'><strong>quomodo</strong></span> <span class='ocrx_word' id='word_1_76' title='bbox 798 1666 933 1753; x_wconf 88' lang='lat' dir='ltr'><strong>pulchra</strong></span> <span class='ocrx_word' id='word_1_77' title='bbox 964 1667 1086 1753; x_wconf 88' lang='lat' dir='ltr'><strong>speeies</strong></span> <span class='ocrx_word' id='word_1_78' title='bbox 1110 1667 1278 1752; x_wconf 89' lang='lat' dir='ltr'><strong>praetendi</strong></span> <span class='ocrx_word' id='word_1_79' title='bbox 1302 1668 1408 1752; x_wconf 84' lang='lat' dir='ltr'><strong>possit</strong></span> 
     </span>
     <span class='ocr_line' id='line_1_12' title="bbox 339 1776 1408 1867; baseline 0.003 -27"><span class='ocrx_word' id='word_1_80' title='bbox 339 1776 433 1844; x_wconf 91' lang='lat' dir='ltr'><strong>rebus</strong></span> <span class='ocrx_word' id='word_1_81' title='bbox 457 1778 571 1861; x_wconf 87' lang='lat' dir='ltr'><strong>mulis,</strong></span> <span class='ocrx_word' id='word_1_82' title='bbox 596 1778 720 1867; x_wconf 88' lang='lat' dir='ltr'><strong>siquis</strong></span> <span class='ocrx_word' id='word_1_83' title='bbox 744 1780 840 1845; x_wconf 92' lang='lat' dir='ltr'><strong>modo</strong></span> <span class='ocrx_word' id='word_1_84' title='bbox 863 1780 982 1846; x_wconf 76' lang='lat' dir='ltr'><strong>calleat</strong></span> <span class='ocrx_word' id='word_1_85' title='bbox 1008 1786 1110 1846; x_wconf 85' lang='lat' dir='ltr'><strong>artem</strong></span> <span class='ocrx_word' id='word_1_86' title='bbox 1126 1779 1272 1857; x_wconf 90' lang='lat' dir='ltr'><strong>dicendi;</strong></span> <span class='ocrx_word' id='word_1_87' title='bbox 1290 1801 1408 1866; x_wconf 89' lang='lat' dir='ltr'><strong>nempe</strong></span> 
     </span>
    </p>

    <p class='ocr_par' dir='ltr' id='par_1_4' title="bbox 339 1890 1240 2201">
     <span class='ocr_line' id='line_1_13' title="bbox 460 1890 1240 1979; baseline 0.003 -23"><span class='ocrx_word' id='word_1_88' title='bbox 460 1894 630 1968; x_wconf 79' lang='grc' dir='ltr'>ἐκπαντὸς</span> <span class='ocrx_word' id='word_1_89' title='bbox 653 1893 692 1957; x_wconf 84' lang='grc' dir='ltr'><strong>ἄν</strong></span> <span class='ocrx_word' id='word_1_90' title='bbox 713 1921 761 1968; x_wconf 82' lang='grc' dir='ltr'><strong>τις</strong></span> <span class='ocrx_word' id='word_1_91' title='bbox 782 1895 969 1979; x_wconf 75' lang='grc' dir='ltr'>πράγματος</span> <span class='ocrx_word' id='word_1_92' title='bbox 991 1890 1109 1958; x_wconf 75' lang='grc' dir='ltr'><strong>δισσῶν</strong></span> <span class='ocrx_word' id='word_1_93' title='bbox 1131 1893 1240 1978; x_wconf 81' lang='grc' dir='ltr'>λόγων</span> 
     </span>
     <span class='ocr_line' id='line_1_14' title="bbox 460 2002 1111 2091; baseline 0.003 -23"><span class='ocrx_word' id='word_1_94' title='bbox 460 2003 569 2089; x_wconf 80' lang='grc' dir='ltr'><strong><em>ἀγῶνα</em></strong></span> <span class='ocrx_word' id='word_1_95' title='bbox 592 2002 661 2069; x_wconf 82' lang='grc' dir='ltr'>θεῖτ’</span> <span class='ocrx_word' id='word_1_96' title='bbox 684 2005 732 2079; x_wconf 83' lang='grc' dir='ltr'><strong>ἄν,</strong></span> <span class='ocrx_word' id='word_1_97' title='bbox 755 2010 778 2070; x_wconf 78' lang='grc' dir='ltr'><strong>εἰ</strong></span> <span class='ocrx_word' id='word_1_98' title='bbox 800 2004 903 2091; x_wconf 75' lang='grc' dir='ltr'><strong>λέγειν</strong></span> <span class='ocrx_word' id='word_1_99' title='bbox 925 2003 969 2076; x_wconf 74' lang='grc' dir='ltr'><strong>εἴη</strong></span> <span class='ocrx_word' id='word_1_100' title='bbox 992 2006 1111 2091; x_wconf 79' lang='grc' dir='ltr'><strong><em>σοφός,</em></strong></span> 
     </span>
     <span class='ocr_line' id='line_1_15' title="bbox 339 2114 1164 2201; baseline 0 -21"><span class='ocrx_word' id='word_1_101' title='bbox 339 2119 377 2180; x_wconf 91' lang='lat' dir='ltr'><strong>ut</strong></span> <span class='ocrx_word' id='word_1_102' title='bbox 400 2114 434 2179; x_wconf 95' lang='lat' dir='ltr'><strong>in</strong></span> <span class='ocrx_word' id='word_1_103' title='bbox 458 2114 598 2201; x_wconf 86' lang='lat' dir='ltr'><strong>quadam</strong></span> <span class='ocrx_word' id='word_1_104' title='bbox 620 2115 786 2201; x_wconf 83' lang='lat' dir='ltr'><strong>Euripidis</strong></span> <span class='ocrx_word' id='word_1_105' title='bbox 810 2115 921 2181; x_wconf 89' lang='lat' dir='ltr'><strong>fabula</strong></span> <span class='ocrx_word' id='word_1_106' title='bbox 942 2115 990 2180; x_wconf 89' lang='lat' dir='ltr'><strong>ait</strong></span> <span class='ocrx_word' id='word_1_107' title='bbox 1012 2117 1127 2182; x_wconf 89' lang='lat' dir='ltr'><strong>chorus</strong></span> <span class='ocrx_word' id='word_1_108' title='bbox 1146 2117 1164 2180; x_wconf 81' lang='lat'><strong>¹.</strong></span> 
     </span>
    </p>

    <p class='ocr_par' dir='ltr' id='par_1_5' title="bbox 339 2226 1414 3678">
     <span class='ocr_line' id='line_1_16' title="bbox 385 2226 1410 2316; baseline 0.005 -24"><span class='ocrx_word' id='word_1_109' title='bbox 385 2226 545 2311; x_wconf 80' lang='lat' dir='ltr'><strong>Exempla</strong></span> <span class='ocrx_word' id='word_1_110' title='bbox 569 2227 772 2313; x_wconf 84' lang='lat' dir='ltr'><strong>eloquentiae</strong></span> <span class='ocrx_word' id='word_1_111' title='bbox 795 2235 862 2294; x_wconf 91' lang='lat' dir='ltr'><strong>tam</strong></span> <span class='ocrx_word' id='word_1_112' title='bbox 886 2250 983 2312; x_wconf 86' lang='lat' dir='ltr'><strong>prave</strong></span> <span class='ocrx_word' id='word_1_113' title='bbox 1010 2229 1176 2295; x_wconf 82' lang='lat' dir='ltr'><strong>adhibitae</strong></span> <span class='ocrx_word' id='word_1_114' title='bbox 1198 2230 1410 2316; x_wconf 84' lang='lat' dir='ltr'><strong>suppeditant</strong></span> 
     </span>
     <span class='ocr_line' id='line_1_17' title="bbox 340 2338 1408 2427; baseline 0.006 -25"><span class='ocrx_word' id='word_1_115' title='bbox 340 2338 429 2404; x_wconf 90' lang='lat' dir='ltr'><strong>verbi</strong></span> <span class='ocrx_word' id='word_1_116' title='bbox 461 2339 567 2424; x_wconf 83' lang='lat' dir='ltr'><strong>gratia</strong></span> <span class='ocrx_word' id='word_1_117' title='bbox 600 2339 662 2404; x_wconf 92' lang='lat' dir='ltr'><strong>loci</strong></span> <span class='ocrx_word' id='word_1_118' title='bbox 696 2340 752 2404; x_wconf 91' lang='lat' dir='ltr'><strong>uhi</strong></span> <span class='ocrx_word' id='word_1_119' title='bbox 786 2340 956 2406; x_wconf 91' lang='lat' dir='ltr'><strong>hominum</strong></span> <span class='ocrx_word' id='word_1_120' title='bbox 994 2341 1166 2407; x_wconf 83' lang='lat' dir='ltr'><strong>sceleribus</strong></span> <span class='ocrx_word' id='word_1_121' title='bbox 1204 2364 1240 2407; x_wconf 89' lang='lat' dir='ltr'><strong>ac</strong></span> <span class='ocrx_word' id='word_1_122' title='bbox 1281 2344 1408 2427; x_wconf 89' lang='lat' dir='ltr'><strong>probris</strong></span> 
     </span>
     <span class='ocr_line' id='line_1_18' title="bbox 339 2452 1407 2540; baseline 0.006 -24"><span class='ocrx_word' id='word_1_123' title='bbox 339 2457 526 2537; x_wconf 86' lang='lat' dir='ltr'><strong>praetextus</strong></span> <span class='ocrx_word' id='word_1_124' title='bbox 557 2452 837 2538; x_wconf 87' lang='lat' dir='ltr'><strong>patrociniumque</strong></span> <span class='ocrx_word' id='word_1_125' title='bbox 868 2454 991 2539; x_wconf 90' lang='lat' dir='ltr'><strong>petitur</strong></span> <span class='ocrx_word' id='word_1_126' title='bbox 1021 2477 1061 2520; x_wconf 84' lang='lat' dir='ltr'><strong>ex</strong></span> <span class='ocrx_word' id='word_1_127' title='bbox 1085 2456 1246 2522; x_wconf 87' lang='lat' dir='ltr'><strong>veteribus</strong></span> <span class='ocrx_word' id='word_1_128' title='bbox 1269 2456 1407 2540; x_wconf 87' lang='lat' dir='ltr'><strong>fabulis,</strong></span> 
     </span>
     <span class='ocr_line' id='line_1_19' title="bbox 341 2563 1409 2656; baseline 0.008 -29"><span class='ocrx_word' id='word_1_129' title='bbox 341 2564 380 2628; x_wconf 90' lang='lat' dir='ltr'><strong>de</strong></span> <span class='ocrx_word' id='word_1_130' title='bbox 411 2563 473 2628; x_wconf 89' lang='lat' dir='ltr'><strong>diis</strong></span> <span class='ocrx_word' id='word_1_131' title='bbox 504 2563 626 2629; x_wconf 88' lang='lat' dir='ltr'><strong>similia</strong></span> <span class='ocrx_word' id='word_1_132' title='bbox 653 2564 856 2632; x_wconf 87' lang='lat' dir='ltr'><strong>tradentibus</strong></span> <span class='ocrx_word' id='word_1_133' title='bbox 866 2571 878 2644; x_wconf 80' lang='grc'><strong>;’</strong></span> <span class='ocrx_word' id='word_1_134' title='bbox 905 2589 1000 2653; x_wconf 92' lang='lat' dir='ltr'><strong>quem</strong></span> <span class='ocrx_word' id='word_1_135' title='bbox 1026 2568 1163 2653; x_wconf 91' lang='lat' dir='ltr'><strong>impium</strong></span> <span class='ocrx_word' id='word_1_136' title='bbox 1187 2570 1409 2656; x_wconf 80' lang='lat' dir='ltr'><strong>mythologice</strong></span> 
     </span>
     <span class='ocr_line' id='line_1_20' title="bbox 341 2677 1409 2767; baseline 0.005 -25"><span class='ocrx_word' id='word_1_137' title='bbox 341 2698 452 2761; x_wconf 89' lang='lat' dir='ltr'><strong>usum,</strong></span> <span class='ocrx_word' id='word_1_138' title='bbox 478 2683 515 2741; x_wconf 92' lang='lat' dir='ltr'><strong>ut</strong></span> <span class='ocrx_word' id='word_1_139' title='bbox 535 2677 633 2761; x_wconf 92' lang='lat' dir='ltr'><strong>paulo</strong></span> <span class='ocrx_word' id='word_1_140' title='bbox 657 2683 732 2743; x_wconf 91' lang='lat' dir='ltr'><strong>ante</strong></span> <span class='ocrx_word' id='word_1_141' title='bbox 753 2677 894 2744; x_wconf 87' lang='lat' dir='ltr'><strong>vidimus</strong></span> <span class='ocrx_word' id='word_1_142' title='bbox 918 2702 991 2766; x_wconf 86' lang='lat' dir='ltr'><strong>pag.</strong></span> <span class='ocrx_word' id='word_1_143' title='bbox 1019 2684 1059 2744; x_wconf 84' lang='lat'><strong>72</strong></span> <span class='ocrx_word' id='word_1_144' title='bbox 1075 2680 1109 2744; x_wconf 93' lang='lat' dir='ltr'><strong>in</strong></span> <span class='ocrx_word' id='word_1_145' title='bbox 1125 2680 1223 2764; x_wconf 91' lang='lat' dir='ltr'><strong>uotis,</strong></span> <span class='ocrx_word' id='word_1_146' title='bbox 1242 2682 1409 2767; x_wconf 90' lang='lat' dir='ltr'><strong>improbus</strong></span> 
     </span>
     <span class='ocr_line' id='line_1_21' title="bbox 340 2775 1410 2876; baseline 0.007 -22"><span class='ocrx_word' id='word_1_147' title='bbox 340 2790 397 2857; x_wconf 91' lang='lat' dir='ltr'><strong>ille</strong></span> <span class='ocrx_word' id='word_1_148' title='bbox 431 2796 537 2856; x_wconf 88' lang='lat' dir='ltr'><strong>orator</strong></span> <span class='ocrx_word' id='word_1_149' title='bbox 573 2792 606 2855; x_wconf 93' lang='lat' dir='ltr'><strong>in</strong></span> <span class='ocrx_word' id='word_1_150' title='bbox 641 2791 871 2876; x_wconf 86' lang='lat' dir='ltr'><strong>Aristophanis</strong></span> <span class='ocrx_word' id='word_1_151' title='bbox 908 2775 1059 2860; x_wconf 88' lang='lat' dir='ltr'><strong>Nubibus</strong></span> <span class='ocrx_word' id='word_1_152' title='bbox 1091 2797 1305 2862; x_wconf 87' lang='lat' dir='ltr'><strong>commendat.</strong></span> <span class='ocrx_word' id='word_1_153' title='bbox 1356 2797 1410 2862; x_wconf 82' lang='lat' dir='ltr'><strong>Sic</strong></span> 
     </span>
     <span class='ocr_line' id='line_1_22' title="bbox 342 2883 1410 2994; baseline 0.005 -25"><span class='ocrx_word' id='word_1_154' title='bbox 342 2904 507 2970; x_wconf 87' lang='lat' dir='ltr'><strong>Phaedrae</strong></span> <span class='ocrx_word' id='word_1_155' title='bbox 530 2925 673 2970; x_wconf 89' lang='lat' dir='ltr'><strong>amorem</strong></span> <span class='ocrx_word' id='word_1_156' title='bbox 696 2903 855 2970; x_wconf 85' lang='lat' dir='ltr'><strong>nefarium</strong></span> <span class='ocrx_word' id='word_1_157' title='bbox 878 2905 1023 2972; x_wconf 87' lang='lat' dir='ltr'><strong>defendit</strong></span> <span class='ocrx_word' id='word_1_158' title='bbox 1046 2907 1157 2973; x_wconf 86' lang='lat' dir='ltr'><strong>nutrix</strong></span> <span class='ocrx_word' id='word_1_159' title='bbox 1180 2883 1330 2994; x_wconf 82' lang='lat' dir='ltr'><strong>exemplo</strong></span> <span class='ocrx_word' id='word_1_160' title='bbox 1350 2911 1410 2974; x_wconf 80' lang='lat' dir='ltr'><strong>Jo-</strong></span> 
     </span>
     <span class='ocr_line' id='line_1_23' title="bbox 340 3016 1412 3102; baseline 0.003 -18"><span class='ocrx_word' id='word_1_161' title='bbox 340 3020 389 3085; x_wconf 88' lang='lat' dir='ltr'><strong>vis</strong></span> <span class='ocrx_word' id='word_1_162' title='bbox 421 3020 585 3102; x_wconf 84' lang='lat' dir='ltr'><strong>Semelen,</strong></span> <span class='ocrx_word' id='word_1_163' title='bbox 619 3019 762 3083; x_wconf 87' lang='lat' dir='ltr'><strong>Aurorae</strong></span> <span class='ocrx_word' id='word_1_164' title='bbox 795 3016 975 3102; x_wconf 75' lang='lat' dir='ltr'><strong>Cephalum</strong></span> <span class='ocrx_word' id='word_1_165' title='bbox 1004 3021 1145 3084; x_wconf 89' lang='lat' dir='ltr'><strong>amantis</strong></span> <span class='ocrx_word' id='word_1_166' title='bbox 1160 3022 1185 3102; x_wconf 58' lang='grc'><strong>9,</strong></span> <span class='ocrx_word' id='word_1_167' title='bbox 1218 3028 1251 3086; x_wconf 93' lang='lat' dir='ltr'><strong>et</strong></span> <span class='ocrx_word' id='word_1_168' title='bbox 1284 3021 1412 3088; x_wconf 87' lang='lat' dir='ltr'><strong>Helena</strong></span> 
     </span>
     <span class='ocr_line' id='line_1_24' title="bbox 341 3131 1413 3218; baseline 0.003 -21"><span class='ocrx_word' id='word_1_169' title='bbox 341 3133 457 3200; x_wconf 89' lang='lat' dir='ltr'><strong>marito</strong></span> <span class='ocrx_word' id='word_1_170' title='bbox 487 3132 678 3218; x_wconf 87' lang='lat' dir='ltr'><strong>persuadere</strong></span> <span class='ocrx_word' id='word_1_171' title='bbox 706 3131 817 3197; x_wconf 87' lang='lat' dir='ltr'><strong>studet</strong></span> <span class='ocrx_word' id='word_1_172' title='bbox 846 3151 880 3196; x_wconf 89' lang='lat' dir='ltr'><strong>se</strong></span> <span class='ocrx_word' id='word_1_173' title='bbox 911 3152 1063 3212; x_wconf 82' lang='lat' dir='ltr'><strong>uonsua</strong></span> <span class='ocrx_word' id='word_1_174' title='bbox 1088 3132 1184 3217; x_wconf 89' lang='lat' dir='ltr'><strong>culpa</strong></span> <span class='ocrx_word' id='word_1_175' title='bbox 1210 3134 1413 3214; x_wconf 81' lang='lat' dir='ltr'><strong>commisisse</strong></span> 
     </span>
     <span class='ocr_line' id='line_1_25' title="bbox 341 3244 1414 3333; baseline 0.001 -21"><span class='ocrx_word' id='word_1_176' title='bbox 341 3247 538 3313; x_wconf 89' lang='lat' dir='ltr'><strong>adulterium</strong></span> <span class='ocrx_word' id='word_1_177' title='bbox 561 3245 616 3312; x_wconf 89' lang='lat' dir='ltr'><strong>sed</strong></span> <span class='ocrx_word' id='word_1_178' title='bbox 639 3245 774 3311; x_wconf 89' lang='lat' dir='ltr'><strong>Veneris</strong></span> <span class='ocrx_word' id='word_1_179' title='bbox 803 3244 852 3327; x_wconf 91' lang='lat' dir='ltr'><strong>vi,</strong></span> <span class='ocrx_word' id='word_1_180' title='bbox 876 3244 968 3330; x_wconf 89' lang='lat' dir='ltr'><strong>cujus</strong></span> <span class='ocrx_word' id='word_1_181' title='bbox 1002 3245 1130 3310; x_wconf 90' lang='lat' dir='ltr'><strong>numini</strong></span> <span class='ocrx_word' id='word_1_182' title='bbox 1155 3247 1209 3332; x_wconf 93' lang='lat' dir='ltr'><strong>qui</strong></span> <span class='ocrx_word' id='word_1_183' title='bbox 1232 3246 1414 3333; x_wconf 86' lang='lat' dir='ltr'><strong>refragetur</strong></span> 
     </span>
     <span class='ocr_line' id='line_1_26' title="bbox 340 3358 1413 3446; baseline 0.004 -24"><span class='ocrx_word' id='word_1_184' title='bbox 340 3360 412 3445; x_wconf 90' lang='lat' dir='ltr'><strong>ipso</strong></span> <span class='ocrx_word' id='word_1_185' title='bbox 439 3360 522 3425; x_wconf 82' lang='lat' dir='ltr'><strong>Jove</strong></span> <span class='ocrx_word' id='word_1_186' title='bbox 545 3359 686 3426; x_wconf 90' lang='lat' dir='ltr'><strong>sanctior</strong></span> <span class='ocrx_word' id='word_1_187' title='bbox 708 3380 778 3424; x_wconf 89' lang='lat' dir='ltr'><strong>esse</strong></span> <span class='ocrx_word' id='word_1_188' title='bbox 803 3358 883 3422; x_wconf 93' lang='lat' dir='ltr'><strong>velit</strong></span> <span class='ocrx_word' id='word_1_189' title='bbox 899 3358 919 3422; x_wconf 82' lang='lat'><strong>³.</strong></span> <span class='ocrx_word' id='word_1_190' title='bbox 967 3358 1057 3423; x_wconf 83' lang='lat' dir='ltr'><strong>Talia</strong></span> <span class='ocrx_word' id='word_1_191' title='bbox 1080 3359 1114 3423; x_wconf 95' lang='lat' dir='ltr'><strong>iu</strong></span> <span class='ocrx_word' id='word_1_192' title='bbox 1136 3359 1257 3426; x_wconf 88' lang='lat' dir='ltr'><strong>comico</strong></span> <span class='ocrx_word' id='word_1_193' title='bbox 1281 3361 1413 3446; x_wconf 85' lang='lat' dir='ltr'><strong>pulpito</strong></span> 
     </span>
     <span class='ocr_line' id='line_1_27' title="bbox 341 3470 1410 3557; baseline 0.002 -21"><span class='ocrx_word' id='word_1_194' title='bbox 341 3471 418 3536; x_wconf 85' lang='lat' dir='ltr'><strong>ferri</strong></span> <span class='ocrx_word' id='word_1_195' title='bbox 448 3477 588 3557; x_wconf 88' lang='lat' dir='ltr'><strong>possunt</strong></span> <span class='ocrx_word' id='word_1_196' title='bbox 619 3470 775 3553; x_wconf 84' lang='lat' dir='ltr'><strong>fortasse,</strong></span> <span class='ocrx_word' id='word_1_197' title='bbox 809 3478 846 3535; x_wconf 91' lang='lat' dir='ltr'><strong>ut</strong></span> <span class='ocrx_word' id='word_1_198' title='bbox 880 3472 914 3535; x_wconf 94' lang='lat' dir='ltr'><strong>in</strong></span> <span class='ocrx_word' id='word_1_199' title='bbox 952 3470 1009 3535; x_wconf 92' lang='lat' dir='ltr'><strong>illo</strong></span> <span class='ocrx_word' id='word_1_200' title='bbox 1043 3473 1184 3537; x_wconf 87' lang='lat' dir='ltr'><strong>Terentii</strong></span> <span class='ocrx_word' id='word_1_201' title='bbox 1215 3473 1284 3537; x_wconf 92' lang='lat' dir='ltr'><strong>loco</strong></span> <span class='ocrx_word' id='word_1_202' title='bbox 1308 3473 1410 3556; x_wconf 83' lang='lat' dir='ltr'><strong>(Eun.</strong></span> 
     </span>
     <span class='ocr_line' id='line_1_28' title="bbox 342 3583 659 3678; baseline -0.009 -29"><span class='ocrx_word' id='word_1_203' title='bbox 342 3585 414 3650; x_wconf 88' lang='lat' dir='ltr'><strong>Act.</strong></span> <span class='ocrx_word' id='word_1_204' title='bbox 443 3583 509 3667; x_wconf 90' lang='lat' dir='ltr'><strong>III,</strong></span> <span class='ocrx_word' id='word_1_205' title='bbox 535 3604 577 3648; x_wconf 89' lang='lat' dir='ltr'><strong>sc.</strong></span> <span class='ocrx_word' id='word_1_206' title='bbox 606 3583 659 3678; x_wconf 74' lang='grc' dir='ltr'><strong>5);Ι</strong></span> 
     </span>
    </p>

    <p class='ocr_par' dir='ltr' id='par_1_6' title="bbox 388 3694 1412 3783">
     <span class='ocr_line' id='line_1_29' title="bbox 388 3694 1412 3783; baseline 0.002 -21"><span class='ocrx_word' id='word_1_207' title='bbox 388 3697 459 3762; x_wconf 83' lang='lat' dir='ltr'><strong>“At</strong></span> <span class='ocrx_word' id='word_1_208' title='bbox 469 3717 564 3783; x_wconf 92' lang='lat' dir='ltr'><strong>quem</strong></span> <span class='ocrx_word' id='word_1_209' title='bbox 578 3694 684 3778; x_wconf 88' lang='lat' dir='ltr'><strong>deum,</strong></span> <span class='ocrx_word' id='word_1_210' title='bbox 699 3695 754 3781; x_wconf 91' lang='lat' dir='ltr'><strong>qui</strong></span> <span class='ocrx_word' id='word_1_211' title='bbox 768 3696 890 3781; x_wconf 89' lang='lat' dir='ltr'><strong>templa</strong></span> <span class='ocrx_word' id='word_1_212' title='bbox 899 3698 980 3762; x_wconf 92' lang='lat' dir='ltr'><strong>coeli</strong></span> <span class='ocrx_word' id='word_1_213' title='bbox 991 3719 1119 3763; x_wconf 93' lang='lat' dir='ltr'><strong>summo</strong></span> <span class='ocrx_word' id='word_1_214' title='bbox 1130 3697 1240 3762; x_wconf 89' lang='lat' dir='ltr'><strong>sonitu</strong></span> <span class='ocrx_word' id='word_1_215' title='bbox 1249 3699 1412 3764; x_wconf 87' lang='lat' dir='ltr'><strong>coucut&#39;t:</strong></span> 
     </span>
    </p>

    <p class='ocr_par' dir='ltr' id='par_1_7' title="bbox 388 3808 1049 3897">
     <span class='ocr_line' id='line_1_30' title="bbox 388 3808 1049 3897; baseline -0.003 -21"><span class='ocrx_word' id='word_1_216' title='bbox 388 3811 484 3897; x_wconf 83' lang='lat' dir='ltr'><strong>“Ego</strong></span> <span class='ocrx_word' id='word_1_217' title='bbox 511 3808 684 3875; x_wconf 92' lang='lat' dir='ltr'><strong>homuncio</strong></span> <span class='ocrx_word' id='word_1_218' title='bbox 708 3809 767 3876; x_wconf 86' lang='lat' dir='ltr'><strong>hoc</strong></span> <span class='ocrx_word' id='word_1_219' title='bbox 790 3831 855 3875; x_wconf 89' lang='lat' dir='ltr'><strong>nou</strong></span> <span class='ocrx_word' id='word_1_220' title='bbox 879 3809 1049 3876; x_wconf 86' lang='lat' dir='ltr'><strong>feceriml”</strong></span> 
     </span>
    </p>
   </div>
   <div class='ocr_carea' id='block_1_3' title="bbox 343 3924 1414 4124">
    <p class='ocr_par' dir='ltr' id='par_1_8' title="bbox 343 3924 1414 4124">
     <span class='ocr_line' id='line_1_31' title="bbox 343 3924 1414 4013; baseline 0 -21"><span class='ocrx_word' id='word_1_221' title='bbox 343 3925 400 3992; x_wconf 90' lang='lat' dir='ltr'><strong>sed</strong></span> <span class='ocrx_word' id='word_1_222' title='bbox 431 3924 528 4010; x_wconf 88' lang='lat' dir='ltr'><strong>plane</strong></span> <span class='ocrx_word' id='word_1_223' title='bbox 559 3927 718 3992; x_wconf 88' lang='lat' dir='ltr'><strong>assentior</strong></span> <span class='ocrx_word' id='word_1_224' title='bbox 742 3927 955 4012; x_wconf 89' lang='lat' dir='ltr'><strong>Aristophani</strong></span> <span class='ocrx_word' id='word_1_225' title='bbox 976 3928 1119 4013; x_wconf 86' lang='lat' dir='ltr'><strong>graviter</strong></span> <span class='ocrx_word' id='word_1_226' title='bbox 1141 3926 1287 4012; x_wconf 87' lang='lat' dir='ltr'><strong>culpanti</strong></span> <span class='ocrx_word' id='word_1_227' title='bbox 1311 3930 1414 4013; x_wconf 87' lang='lat' dir='ltr'><strong>tragi-</strong></span> 
     </span>
     <span class='ocr_line' id='line_1_32' title="bbox 343 4037 1411 4124; baseline 0.001 -21"><span class='ocrx_word' id='word_1_228' title='bbox 343 4061 417 4104; x_wconf 89' lang='lat' dir='ltr'><strong>cum</strong></span> <span class='ocrx_word' id='word_1_229' title='bbox 442 4037 497 4123; x_wconf 91' lang='lat' dir='ltr'><strong>qui</strong></span> <span class='ocrx_word' id='word_1_230' title='bbox 522 4039 554 4103; x_wconf 92' lang='lat' dir='ltr'><strong>iu</strong></span> <span class='ocrx_word' id='word_1_231' title='bbox 577 4044 705 4105; x_wconf 90' lang='lat' dir='ltr'><strong>austera</strong></span> <span class='ocrx_word' id='word_1_232' title='bbox 728 4062 823 4105; x_wconf 85' lang='lat' dir='ltr'><strong>scena</strong></span> <span class='ocrx_word' id='word_1_233' title='bbox 848 4049 915 4104; x_wconf 89' lang='lat' dir='ltr'><strong>tam</strong></span> <span class='ocrx_word' id='word_1_234' title='bbox 931 4039 1052 4105; x_wconf 88' lang='lat' dir='ltr'><strong>vilibus</strong></span> <span class='ocrx_word' id='word_1_235' title='bbox 1067 4040 1268 4124; x_wconf 87' lang='lat' dir='ltr'><strong>argumentis</strong></span> <span class='ocrx_word' id='word_1_236' title='bbox 1282 4046 1411 4117; x_wconf 83' lang='lat' dir='ltr'><strong>utatur3</strong></span> 
     </span>
    </p>
   </div>
   <div class='ocr_carea' id='block_1_4' title="bbox 456 4183 562 4190">
    <p class='ocr_par' dir='ltr' id='par_1_9' title="bbox 456 4183 562 4190">
     <span class='ocr_line' id='line_1_33' title="bbox 456 4183 562 4190; baseline 0.019 -2"><span class='ocrx_word' id='word_1_237' title='bbox 456 4183 562 4190; x_wconf 75' lang='lat'><strong>-—</strong></span> 
     </span>
    </p>
   </div>
   <div class='ocr_carea' id='block_1_5' title="bbox 343 4244 1414 4578">
    <p class='ocr_par' dir='ltr' id='par_1_10' title="bbox 343 4244 1414 4400">
     <span class='ocr_line' id='line_1_34' title="bbox 378 4244 1414 4314; baseline 0.007 -21"><span class='ocrx_word' id='word_1_238' title='bbox 378 4244 384 4276; x_wconf 94' lang='lat'>¹</span> <span class='ocrx_word' id='word_1_239' title='bbox 419 4247 448 4294; x_wconf 87' lang='lat' dir='ltr'><strong>ln</strong></span> <span class='ocrx_word' id='word_1_240' title='bbox 475 4247 614 4311; x_wconf 77' lang='lat' dir='ltr'><strong>fragmento</strong></span> <span class='ocrx_word' id='word_1_241' title='bbox 639 4263 671 4298; x_wconf 84' lang='lat' dir='ltr'><strong>ex</strong></span> <span class='ocrx_word' id='word_1_242' title='bbox 699 4250 806 4314; x_wconf 79' lang='lat' dir='ltr'><strong>Antiope</strong></span> <span class='ocrx_word' id='word_1_243' title='bbox 824 4257 936 4308; x_wconf 84' lang='lat' dir='ltr'><strong>servato,</strong></span> <span class='ocrx_word' id='word_1_244' title='bbox 960 4251 1059 4314; x_wconf 85' lang='lat' dir='ltr'><strong>(Wagn.</strong></span> <span class='ocrx_word' id='word_1_245' title='bbox 1079 4249 1166 4311; x_wconf 82' lang='lat' dir='ltr'><strong>fragm.</strong></span> <span class='ocrx_word' id='word_1_246' title='bbox 1182 4252 1243 4311; x_wconf 78' lang='lat'><strong>213;</strong></span> <span class='ocrx_word' id='word_1_247' title='bbox 1265 4251 1308 4299; x_wconf 83' lang='grc'><strong>189</strong></span> <span class='ocrx_word' id='word_1_248' title='bbox 1325 4250 1414 4314; x_wconf 82' lang='grc' dir='ltr'><strong>1)ἰιιι1.)</strong></span> 
     </span>
     <span class='ocr_line' id='line_1_35' title="bbox 343 4333 741 4400; baseline 0.01 -18"><span class='ocrx_word' id='word_1_249' title='bbox 343 4333 374 4382; x_wconf 87' lang='lat' dir='ltr'><strong>ot&#39;.</strong></span> <span class='ocrx_word' id='word_1_250' title='bbox 391 4335 512 4385; x_wconf 85' lang='lat' dir='ltr'><strong>Valckon.</strong></span> <span class='ocrx_word' id='word_1_251' title='bbox 530 4336 609 4386; x_wconf 85' lang='lat' dir='ltr'><strong>Diatr.</strong></span> <span class='ocrx_word' id='word_1_252' title='bbox 626 4350 683 4400; x_wconf 87' lang='lat' dir='ltr'><strong>pag.</strong></span> <span class='ocrx_word' id='word_1_253' title='bbox 701 4338 741 4387; x_wconf 79' lang='lat'><strong>82.</strong></span> 
     </span>
    </p>

    <p class='ocr_par' dir='ltr' id='par_1_11' title="bbox 377 4421 685 4491">
     <span class='ocr_line' id='line_1_36' title="bbox 377 4421 685 4491; baseline 0.016 -19"><span class='ocrx_word' id='word_1_254' title='bbox 377 4421 387 4454; x_wconf 73' lang='lat'><strong>²</strong></span> <span class='ocrx_word' id='word_1_255' title='bbox 420 4424 495 4488; x_wconf 87' lang='lat' dir='ltr'><strong>Hipp.</strong></span> <span class='ocrx_word' id='word_1_256' title='bbox 514 4439 550 4475; x_wconf 84' lang='lat' dir='ltr'><strong>vs.</strong></span> <span class='ocrx_word' id='word_1_257' title='bbox 568 4427 617 4476; x_wconf 77' lang='lat'><strong>453</strong></span> <span class='ocrx_word' id='word_1_258' title='bbox 634 4442 685 4491; x_wconf 84' lang='lat' dir='ltr'><strong>sqq.</strong></span> 
     </span>
    </p>

    <p class='ocr_par' dir='ltr' id='par_1_12' title="bbox 377 4502 927 4578">
     <span class='ocr_line' id='line_1_37' title="bbox 377 4502 927 4578; baseline 0.005 -18"><span class='ocrx_word' id='word_1_259' title='bbox 377 4511 387 4543; x_wconf 90' lang='lat'><strong>³</strong></span> <span class='ocrx_word' id='word_1_260' title='bbox 419 4513 509 4565; x_wconf 83' lang='lat' dir='ltr'><strong>Trocd.</strong></span> <span class='ocrx_word' id='word_1_261' title='bbox 527 4529 563 4565; x_wconf 81' lang='lat' dir='ltr'><strong>rs.</strong></span> <span class='ocrx_word' id='word_1_262' title='bbox 579 4515 629 4564; x_wconf 82' lang='grc'><strong>918</strong></span> <span class='ocrx_word' id='word_1_263' title='bbox 644 4529 694 4578; x_wconf 86' lang='lat' dir='ltr'><strong>sqq.</strong></span> <span class='ocrx_word' id='word_1_264' title='bbox 711 4524 737 4565; x_wconf 87' lang='lat' dir='ltr'><strong>at</strong></span> <span class='ocrx_word' id='word_1_265' title='bbox 752 4530 789 4564; x_wconf 84' lang='lat' dir='ltr'><strong>vs.</strong></span> <span class='ocrx_word' id='word_1_266' title='bbox 800 4502 872 4564; x_wconf 75' lang='lat'><strong>&#39;1042</strong></span> <span class='ocrx_word' id='word_1_267' title='bbox 891 4530 927 4578; x_wconf 92' lang='lat' dir='ltr'><strong>sq.</strong></span> 
     </span>
    </p>
   </div>
   <div class='ocr_carea' id='block_1_6' title="bbox 0 0 1653 5338">
    <p class='ocr_par' dir='ltr' id='par_1_13' title="bbox 0 0 1653 5338">
     <span class='ocr_line' id='line_1_38' title="bbox 0 0 1653 5338; baseline 0 0"><span class='ocrx_word' id='word_1_268' title='bbox 0 0 1653 5338; x_wconf 95' lang='lat' dir='ltr'><strong> </strong></span> 
     </span>
    </p>
   </div>
  </div>
 </body>
</html>
