3284 5338
765 460 806 524 95

250 641 401 706 ostendat
425 641 493 725 ejus
518 642 583 707 vile
606 643 776 728 ingenium
796 645 804 678 ¹
830 667 928 731 quam
952 646 1050 732 longa
1074 668 1156 731 quae
1180 667 1326 730 praeces·

250 758 336 818 serat
357 753 532 820 altercatio.
573 755 638 822 Sed
661 757 793 823 omnino
817 759 1030 844 improbanda
1053 765 1131 824 sunt
1154 759 1213 824 illa
1235 757 1326 844 ῥάκη,

250 887 389 950 quorum
411 865 603 952 Euripides,
628 870 657 934 si
680 869 761 952 fides
784 849 1018 958 Aristophani,
1036 872 1167 957 plenam
1179 871 1329 937 servabat

251 979 497 1063 cistam„unde
520 982 655 1047 heroum
677 983 871 1050 afflictorum
894 986 1096 1072 depromeret
1111 985 1327 1062 vestimenta3

252 1093 465 1177 vituperanda
488 1113 615 1180 quoque
639 1117 754 1162 senum
778 1097 936 1162 debilium
965 1097 1128 1164 affectatio
1138 1103 1162 1183 ²,
1191 1119 1329 1184 quorum

252 1227 359 1291 genua
393 1207 566 1274 trementia
601 1209 629 1274 si
664 1209 705 1275 ad
737 1210 922 1278 celeriorem
945 1233 1077 1278 cursum
1099 1211 1328 1297 impellantur,

252 1319 392 1402 perbene
414 1319 517 1386 risum
541 1341 669 1388 movere
691 1323 838 1408 possint,
863 1330 902 1389 ut
918 1324 952 1388 in
966 1325 1065 1390 Pluto
1076 1323 1328 1412 Aristophanis,

253 1422 310 1496 sed
346 1452 513 1518 nunquam
546 1433 682 1520 affectus
715 1457 789 1501 vere
823 1437 963 1522 tragicos
996 1437 1064 1502 sive
1098 1435 1238 1502 excitare
1261 1437 1330 1502 sive

254 1567 378 1631 angere.
427 1545 542 1632 Neque
581 1547 774 1633 quisquam,
816 1549 945 1635 opinor,
981 1549 1035 1615 hic
1069 1549 1258 1635 provocabit
1289 1549 1331 1614 ad

254 1657 439 1744 exemplum
474 1658 628 1742 Homeri,
666 1660 800 1726 Ulixem
823 1667 1028 1750 πτωχεύοντα
1060 1663 1273 1745 describentis
1298 1669 1332 1728 et

256 1771 404 1836 Laertem
427 1771 580 1838 indutum
602 1770 764 1859 ῥυπόωντι
786 1778 897 1861 χιτῶνι
917 1772 1028 1860 passui
1043 1775 1192 1861 ἀεικελίῳ,
1214 1781 1253 1842 ut
1275 1774 1332 1860 qui

255 1884 289 1947 in
323 1882 444 1969 dispari
477 1886 585 1969 poesis
615 1906 733 1970 genere
755 1907 793 1950 ea
816 1905 946 1950 narrare
980 1885 1125 1970 potnerit
1157 1887 1228 1953 sine
1261 1887 1332 1953 ulla

255 1996 447 2081 offensione,
472 2020 554 2083 quae
577 1998 606 2064 si
628 1998 664 2062 in
688 1999 821 2074 theatro¹
837 1997 962 2064 videres
986 2019 1141 2065 nauseam
1153 2000 1298 2067 facerent
1306 2003 1328 2066 ³.
1375 2019 1383 2026 ·

300 2111 339 2175 In
362 2110 414 2175 his
439 2131 567 2196 quoque
590 2111 764 2197 Euripides
788 2111 935 2197 sequitur
957 2131 1074 2178 novam
1098 2113 1279 2196 rationem,
1297 2113 1332 2199 id

257 2223 430 2290 manifeste
453 2246 570 2310 agens,
606 2232 645 2291 ut
676 2226 780 2290 vitam
811 2226 917 2312 qualis
939 2247 1050 2291 revera
1072 2233 1141 2311 est,
1168 2227 1203 2291 in
1223 2228 1332 2293 minu-

257 2335 393 2402 tioribus
426 2357 555 2422 qnoque
590 2337 758 2423 partibus,
794 2359 905 2423 presse
939 2337 1088 2404 imitetur
1121 2345 1155 2405 et
1186 2347 1332 2410 accurate

257 2449 434 2534 exprimat,
471 2472 572 2536 quum
606 2447 728 2536 priores
762 2457 877 2537 poetae
904 2461 957 2518 res'
979 2453 1138 2520 humanas
1159 2453 1332 2541 pingentes

257 2563 450 2630 arctioribus
472 2564 593 2632 finibus
618 2588 652 2632 se
675 2567 933 2651 continuissent,
954 2573 988 2632 et
1011 2590 1049 2634 eo
1068 2589 1151 2655 quae
1165 2568 1333 2655 vulgarem

258 2675 427 2742 hominum¹
472 2677 575 2743 vitam
618 2680 801 2746 redolerent
842 2680 966 2766 tragica
1004 2703 1101 2748 scena
1129 2681 1333 2766 judicassent

258 2789 394 2874 indigna
407 2791 428 2854 ⁴.
454 2790 607 2856 Notabile
632 2791 803 2877 Sophoclis
829 2792 972 2877 dictum,
1003 2794 1126 2878 optime
1159 2795 1332 2863 discrimen

266 3059 269 3065 ’
293 3066 446 3130 ¹Siqrridem
470 3065 494 3114 ci
518 3063 638 3128 abjectam
663 3065 773 3114 indolem
797 3065 917 3130 affingere
946 3065 1039 3128 placuit
1063 3075 1163 3130 poetae,
1187 3076 1214 3118 ut
1238 3069 1333 3118 civibus

258 3155 411 3220 μισολάκωσι
436 3155 590 3220 palparetur3
615 3155 736 3220 ejusmodi
762 3156 889 3221 πονηρίαν
914 3155 961 3218 ipsi
984 3155 1082 3206 tabulae
1098 3171 1147 3206 non
1170 3159 1333 3209 necessariam

260 3246 410 3298 Aristoteles
426 3247 497 3297 Poet.
513 3261 567 3310 cap.
587 3248 617 3296 it
633 3237 658 3297 'et
674 3247 707 3296 25
723 3245 883 3309 vituperavit.

292 3333 302 3365 ²
318 3337 341 3385 E
365 3335 455 3400 quibua
479 3343 576 3385 constat
599 3334 688 3384 chorus
703 3334 737 3404 ¹in
760 3333 870 3384 Hercule
888 3332 993 3391 furente,
1011 3336 1053 3384 vd.
1070 3350 1107 3388 vs.
1127 3337 1173 3389 107
1190 3350 1255 3401 sqq.;
1272 3338 1334 3388 addc

260 3425 384 3475 Tiresiam
407 3426 434 3472 in
455 3423 598 3474 Phoenissis
614 3423 772 3472 anhelantem
788 3431 825 3472 rs.
843 3423 893 3472 836
909 3437 974 3487 sqq.,
992 3424 1128 3488 Tyndareo
1142 3426 1186 3490 qui
1200 3433 1282 3477 aetate
1299 3429 1335 3476 in·

254 3513 356 3583 ¹validus
371 3513 501 3563 adducitur
517 3521 542 3563 st
557 3514 686 3562 abducitur
702 3528 717 3561 a
736 3513 835 3562 famulis
852 3512 934 3566 Orest.
950 3529 987 3563 vs.
1004 3515 1068 3574 474,
1085 3515 1148 3576 629,
1163 3517 1334 3581 paedagogum

259 3603 326 3655 senio
342 3604 497 3654 vacillantem
513 3603 540 3652 in
554 3605 616 3653 Ione
632 3618 671 3653 vs.
687 3605 841 3668 741sqq.-
858 3603 949 3655 “Scine
965 3605 1044 3654 Alton
1060 3605 1152 3668 klagsn
1169 3605 1259 3657 immor
1275 3608 1335 3658 iiber

261 3695 316 3744 “die
333 3694 581 3746 Gebreohlichkeiten
598 3695 640 3744 des
657 3693 756 3752 Altera,
772 3695 823 3742 und
839 3694 935 3757 steigen
951 3693 1274 3763 besondcrsdanuigang
1291 3712 1336 3746 ans

260 3787 321 3835 “der
347 3785 480 3836 Orchestra
503 3783 550 3832 auf
564 3783 610 3832 die
631 3784 735 3842 Bdhne,
818 3783 877 3833 iiber
893 3784 932 3834 die
954 3784 1133 3847 Miihseligkeit
1149 3785 1275 3844 seufaend,
1290 3788 1337 3835 mit

260 3872 643 3926 “wanhendenKnienhinanf.”
661 3873 775 3937 Schlegel
792 3873 865 3924 Vorl.
882 3873 942 3922 iiber
958 3875 1036 3923 dram.
1052 3874 1087 3923 Κ.
1103 3888 1129 3926 u.
1139 3874 1171 3924 L.
1182 3873 1208 3924 1²
1214 3890 1270 3938 pag.
1278 3877 1336 3926 209.

292 3963 303 3997 ³
319 3966 360 4016 De
376 3980 425 4029 qua
440 3979 468 4014 re
478 3947 600 4013 'audiatur
616 3963 763 4027 Lessingius
779 3963 806 4011 in
822 3961 948 4025 praeclaro
964 3963 1008 4011 illo
1025 3969 1131 4014 tractatu
1147 3964 1335 4015 deLaocoonte.

261 4058 357 4107 Eodem
370 4056 427 4120 jure
443 4055 551 4104 narratio
568 4055 598 4102 de
615 4054 739 4103 Nausicaa
755 4053 827 4104 Ulixi
844 4053 909 4102 inter
924 4051 1058 4102 lavandum
1069 4067 1169 4117 operam
1179 4053 1336 4104 ministrante

260 4145 370 4195 adhiberi
385 4154 465 4209 posset
481 4145 512 4197 ad
528 4125 721 4208 praetexendam
738 4143 873 4207 quamlibet
889 4144 1022 4193 mimorum
1032 4145 1166 4194 loedriam.
1195 4157 1199 4164 '
1241 4199 1248 4211 ,

293 4235 304 4268 ⁴
320 4235 468 4287 Rectissime
485 4235 633 4286 Aristoteles
650 4235 721 4285 Post.
742 4234 859 4298 lbpoetis
875 4234 977 4284 scenicis
987 4234 1079 4284 imitari
1093 4236 1248 4286 commendat
1259 4236 1336 4287 bonos

196 4349 199 4354 ·
261 4326 571 4391 iconographos,quidum
588 4324 774 4374 simitudinem
791 4339 825 4374 ax
840 4305 902 4374 ‘vero
918 4324 1074 4388 exprimunt,
1091 4325 1211 4388 adjiciunt
1226 4327 1334 4392 puteis-

261 4417 372 4466 tudinem
396 4431 457 4468 vero
482 4416 608 4481 majorem.
633 4415 736 4464 Addere
752 4413 843 4478 possis,
860 4413 907 4463 hoc
922 4428 1019 4478 quoquc
1035 4413 1093 4463 boni
1109 4415 1211 4478 pictoris
1226 4431 1293 4478 esse,
1308 4429 1336 4468 ut

262 4505 356 4556 leviora
372 4521 423 4556 non
440 4507 475 4556 ita
491 4505 567 4555 anxie
583 4505 705 4564 elaboret,
722 4503 824 4570 plenam
839 4503 1029 4558 ¹artirvirtutem
1040 4518 1169 4554 reservans
1179 4507 1336 4568 gravioribus
