3284 5338
754 445 899 525 re'

801 649 920 728 νόσημα
942 647 1005 734 γὰρ

178 747 186 770 ’
236 765 272 824 ut
296 781 369 824 oum
404 759 565 844 Aeschylo
588 760 701 846 loquer
725 761 903 842 (Prometh.
930 783 975 826 vs.
1004 763 1066 826 685
1092 764 1157 846 sq.)

403 872 569 959 αἴσχιστον
591 873 669 939 εἶναί
690 888 764 959 φημι
787 873 957 950 συνθέτους
978 874 1114 960 λόγους,

236 991 265 1055 si
291 988 455 1074 ejusmodi
476 988 597 1054 finibus
621 989 808 1054 inserviant.

282 1101 346 1169 sed
373 1100 476 1167 etiem
509 1101 566 1166 ubi
596 1124 662 1168 non
684 1101 888 1188 disputetur,
912 1099 970 1166 illa
993 1100 1090 1166 λαλιὰ
1114 1099 1308 1186 Euripidee,

238 1235 327 1279 emor
363 1213 478 1278 sinon
501 1213 654 1299 litigandi
676 1220 711 1280 at
733 1219 818 1279 certe
842 1213 1094 1296 sermocinandi,
1111 1214 1313 1298 passimoer-

244 1327 351 1409 nitur,
382 1324 547 1392 interdum
580 1326 674 1393 valde
704 1327 899 1412 importune.
948 1326 1031 1392 Mire
1059 1327 1141 1391 mihi
1164 1327 1312 1412 quidem,

242 1447 279 1506 ut
302 1439 490 1524 exemplum
511 1437 675 1524 afferam„
689 1460 815 1524 semper
839 1437 1007 1524 displicuit
1030 1436 1201 1523 longitudo
1217 1440 1314 1505 oreti-

239 1556 311 1622 onis
327 1576 424 1642 quem
443 1555 478 1618 in
496 1553 683 1620 Phoenissis
698 1555 836 1645 nuncius
853 1554 969 1619 recitat
985 1563 1004 1618 ¹.
1042 1551 1128 1618 Nam
1142 1560 1315 1639 postquem

212 1743 214 1748 ,
242 1667 336 1752 epioe
355 1669 503 1734 ubertate
524 1668 845 1760 descripsitolypeos
869 1672 932 1734 τῶν
954 1669 1029 1733 ἑπτὰ
1053 1675 1085 1732 et
1097 1668 1314 1733 interminatis

240 1780 419 1846 verborum
441 1781 632 1868 ambagibus
655 1801 734 1848 usus
758 1788 822 1866 est,
857 1783 913 1847 vix
942 1781 1074 1846 tandem
1105 1787 1254 1847 exoratus
1278 1787 1316 1846 ut

241 1887 344 1958 etiam
369 1895 410 1960 de
437 1891 593 1960 ambobus
617 1895 771 1960 fratribus
795 1893 922 1976 referet,
940 1894 1053 1958 horum
1066 1893 1188 1959 instare
1201 1915 1314 1959 mono-

241 2005 405 2070 machiam
440 2003 537 2084 dicit3
572 2012 650 2072 tuno
680 2027 754 2071 vero
776 2012 814 2072 ut
837 2011 985 2092 properet
1008 2006 1048 2070 ed
1071 2005 1185 2090 proelii
1208 2006 1315 2094 locum

248 2118 402 2184 Jocasten
416 2117 574 2204 impellit,
592 2140 673 2205 quae
688 2125 816 2203 tamen,
833 2125 871 2184 ut
886 2119 1066 2203 exspectari
1082 2123 1209 2203 poterat
1223 2122 1315 2182 tento
1400 2167 1404 2178 .

191 2283 198 2298 .
247 2232 402 2316 temporis
427 2230 532 2316 spatio
543 2230 756 2315 intermisso,
782 2254 852 2297 sero
875 2231 973 2297 venit
1015 2230 1094 2311 Quis
1110 2252 1175 2296 non
1193 2236 1314 2297 stoma-

248 2343 361 2410 chetur
389 2350 457 2410 tem
489 2343 580 2408 tardo
603 2348 636 2408 et
658 2343 785 2428 loquaci
808 2343 946 2427 nuncio,
970 2343 1026 2428 qui
1045 2343 1079 2407 id
1102 2364 1205 2409 unum
1230 2345 1315 2431 quod

247 2457 311 2523 cito
334 2457 503 2523 resciscere
526 2457 812 2539 intererat,edere
835 2456 1028 2523 cunctetur?
1073 2457 1107 2522 Is
1129 2458 1217 2523 enim
1237 2458 1315 2522 dum

245 2579 331 2646 totus
359 2575 409 2636 est
433 2570 468 2633 in
490 2571 666 2635 enarrando
689 2570 885 2636 emblemata
908 2571 1025 2656 quibus
1049 2556 1194 2636 hostium
1211 2570 1317 2656 clypei

244 2692 322 2750 sunt
352 2683 477 2764 ornati,
495 2682 652 2768 jugulant
675 2706 708 2749 se
733 2684 871 2750 invicem
897 2684 1068 2768 Polynices
1091 2689 1124 2750 et
1149 2685 1315 2766 Eteocles,

245 2821 348 2886 neque
372 2796 450 2862 fetis
471 2796 575 2882 magis
600 2818 698 2881 quem
721 2798 850 2882 garrulo
874 2797 930 2862 isti
955 2799 1105 2882 nugatori
1125 2799 1317 2884 imputanda

246 2918 297 2978 est
320 2934 382 2977 nex
410 2932 520 2976 eorum
543 2915 575 2974 et
597 2931 666 2975 sero
678 2911 880 2976 advenientis
893 2911 1017 2976 metris.
1032 2949 1075 2960 -
1089 2911 1253 2977 Imitendo
1264 2912 1316 2976 hic

250 3047 377 3112 quoque
407 3022 721 3109 poeta'Aesohylum
747 3023 947 3108 aemulatur,
973 3025 1059 3109 apud
1084 3045 1181 3109 quem
1206 3029 1315 3088 temen

247 3137 364 3202 similis
396 3137 494 3222 longa
517 3134 691 3220 descriptio
715 3137 899 3202 nonhabet
921 3138 1006 3222 quod
1030 3137 1190 3220 offendat,
1215 3158 1316 3222 quum

246 3272 311 3316 non
345 3272 382 3316 eo
413 3250 568 3334 temporis
597 3253 719 3334 puncto
749 3249 930 3334 proferetur
961 3271 1024 3335 quo
1046 3251 1139 3316 unice
1161 3250 1315 3315 festinato

241 3385 327 3449 ,opus
352 3365 396 3429 sit
410 3363 431 3428 2.
470 3365 576 3430 Multo
601 3386 695 3450 porro
719 3366 828 3449 aptius
845 3361 1045 3449 Aeschyleus
1062 3366 1200 3431 nuncius
1218 3387 1315 3451 quee-

248 3498 373 3562 ounque
395 3478 437 3542 ad
457 3478 601 3543 hostium
617 3477 720 3543 aciem
736 3484 768 3543 et
784 3479 880 3544 duces
893 3479 1059 3564 pertinent
1070 3478 1168 3544 refert
1179 3478 1316 3559 Eteocli,

248 3590 299 3654 cui
323 3588 486 3656 incumbit
506 3590 673 3655 Thebanos
697 3592 887 3678 προμάχους
911 3591 1050 3676 singulis
1067 3591 1202 3656 ducibus
1217 3612 1316 3676 oppo-

249 3724 342 3786 nere,
375 3725 472 3788 quam
504 3704 602 3768 metri
632 3703 673 3768 de
701 3703 812 3769 liberis
837 3704 996 3770 sollicitae
1019 3704 1162 3790 ἄγγελος
1185 3702 1316 3788 Euripi·
1370 3784 1372 3788 ,

250 3816 336 3882 deus.
386 3816 449 3882 Hic
481 3815 512 3881 si
543 3839 704 3903 unquem,
729 3838 965 3901 praecessorem
989 3838 1141 3901 superare
1165 3821 1314 3898 conatus,

251 3929 423 4014 Euripides
445 3929 566 3994 excidit
590 3931 677 3996 ausis
694 3936 716 3993 ³.

286 4073 290 4100 ¹
325 4071 382 4118 Non
403 4072 477 4120 aliter
499 4072 591 4122 sentire
617 4070 798 4121 Bernhardium
817 4071 894 4134 liquet
910 4085 942 4119 ex
961 4070 994 4119 ll.
1013 4085 1070 4134 pag.
1095 4071 1155 4119 414:
1185 4071 1248 4118 “den
1271 4070 1317 4118 Er-

250 4135 404 4224 “edhlungen
429 4161 562 4211 besonders
579 4162 715 4225 redeeliger
729 4163 820 4211 Boten.
832 4196 854 4208 ..
876 4161 948 4208 wird.
960 4196 981 4208 ..
1003 4161 1042 4209 ein
1060 4173 1143 4208 ausser
1164 4159 1320 4209 Verh‘altniss

228 4259 235 4274 s
252 4249 357 4298 “breiter
374 4247 454 4300 Reum
473 4251 664 4313 rugestenden.”

284 4335 294 4366 '²
327 4339 418 4387 Aesoh.
435 4339 502 4402 Sept.
520 4353 541 4388 c.
557 4339 636 4390 Theb.
654 4353 689 4386 vs.
707 4339 846 4390 375-652.

283 4425 294 4456 ³
327 4426 450 4476 Mullerns
468 4427 521 4488 (Gr.
541 4428 751 4490 Literaturgesch.
771 4427 811 4485 Il,
828 4441 885 4489 peg.
902 4427 956 4489 148)
969 4425 1223 4489 statuit,Euripidem
1232 4425 1258 4474 in
1267 4425 1318 4474 Ae-

252 4515 331 4579 schyli
356 4515 438 4565 fabula
462 4517 623 4579 improbasse,
649 4518 712 4580 quod
736 4516 829 4579 proelio
855 4517 963 4565 nondum
993 4515 1053 4564 inito
1070 4516 1100 4563 de
1120 4514 1318 4578 septemdecem
