3258 5328
737 467 775 530 51

143 727 145 734 ¹
218 653 354 720 Hecuba
377 653 466 718 canit
490 651 667 736 Euripidea
684 651 705 734 ¹,
723 651 869 738 longiore
893 658 1009 740 tamen¹
1029 674 1126 739 quam
1143 676 1224 740 quae
1240 655 1293 720 hic

217 766 427 834 exscribatur.
476 765 588 829 Etiam
613 765 647 829 in
672 765 855 850 Vespa-rum
878 767 990 850 initio,
1015 768 1071 833 ubi
1096 768 1216 853 duplex
1241 790 1293 834 so-

217 879 345 945 mnium
357 882 516 960 narratur,
529 876 671 943 comicus
686 876 823 943 fortasse
834 877 1024 964 Euripidem
1038 881 1189 966 respexit.
1216 879 1294 945 Miri

218 993 338 1058 abusus
370 993 503 1077 praebet
527 991 713 1075 exemplum
743 991 871 1057 Rhesus
895 991 1023 1075 fabula,
1047 993 1081 1057 in
1106 1016 1170 1079 qua
1196 994 1295 1059 Rhesi

221 1105 336 1191 auriga
370 1104 494 1170 refert⁹
516 1108 555 1168 ut
577 1102 704 1168 somnio
727 1103 846 1169 viderit
869 1103 963 1190 lupos
987 1104 1171 1173 insilientes
1194 1107 1295 1193 tergis

220 1239 376 1304 equorum
410 1217 579 1299 herilium,
610 1217 856 1304 expergefactus
887 1226 997 1284 autem
1021 1220 1220 1286 trucidatum
1245 1219 1295 1282 in-

219 1331 344 1398 venerit
367 1331 513 1396 Rhesum
536 1335 570 1395 et
591 1350 689 1414 equos
716 1329 766 1394 ab'
780 1329 879 1398 Ulixe
898 1335 932 1396 et
955 1329 1113 1398 Diomede
1129 1332 1294 1398 abductos.

220 1445 349 1510 Numen
385 1444 488 1532 igitur
521 1443 573 1510 vel
609 1465 763 1528 equorum
789 1415 916 1511 ‘sortem
952 1444 1087 1532 dignam
1106 1446 1235 1531 judicat
1257 1446 1297 1511 de

220 1583 284 1646 qua
307 1559 402 1646 signa
425 1559 520 1624 edat?
554 1541 631 1624 'Sed
655 1580 673 1623 e
696 1557 843 1624 dramate
867 1558 925 1624 illo
941 1563 1298 1646 suspectoargumeuta

219 1679 328 1759 petere
362 1673 454 1751 nolo;
488 1672 578 1738 aliud
609 1672 720 1758 potius
744 1672 897 1738 adeamus
922 1673 1008 1758 quod
1031 1678 1137 1738 certae
1160 1678 1211 1738 est
1233 1659 1297 1737 ori-

219 1787 326 1872 ginis,
360 1787 566 1873 Iphigeniam
599 1786 785 1870 Tauricam,
816 1786 850 1850 in
874 1786 966 1872 cujus
988 1787 1124 1873 prologo
1147 1808 1205 1872 per
1226 1786 1297 1851 ani-

220 1901 287 1966 lem
319 1900 584 1988 superstitionem
620 1898 746 1964 somnio
779 1899 918 1984 quodam
940 1899 1126 1986 -Iphigenia
1147 1898 1299 1985 portendi

222 2019 318 2101 putat
350 2019 487 2080 mortem
521 2012 631 2079 fratris
664 2011 798 2079 Orestis.
847 2011 920 2078 Scio
951 2012 1083 2099 quidem
1107 2011 1299 2098 Euripidem

221 2149 287 2193 non
316 2128 460 2214 primum
491 2127 626 2192 somniis
649 2126 685 2190 in
708 2125 875 2211 tragoedia
897 2147 993 2192 usum
1018 2147 1106 2209 esse,
1131 2125 1188 2191 sed
1214 2124 1300 2190 male

222 2263 319 2306 usum
351 2238 530 2317 contend03
562 2259 666 2325 neque
696 2233 784 2324 quod
815 2237 888 2303 aliis
920 2237 1055 2321 licebat,
1086 2237 1150 2303 sibi
1172 2258 1300 2324 quoque

96 2439 98 2444 Ι
222 2354 410 2441 permittere
440 2353 611 2430 debuerat3
648 2345 710 2416 hoc
731 2349 820 2416 enim
843 2350 1054 2417 divinationis
1077 2373 1181 2438 genus
1205 2373 1299 2417 usur-

223 2490 299 2555 pare
321 2467 356 2533 in
379 2466 500 2533 fabulis
523 2487 583 2532 sna
605 2486 681 2531 eum
704 2464 835 2530 vetabat
857 2464 1082 2550 philosophia,
1107 2466 1302 2531 undenorat

223 2603 281 2667 pro
303 2581 395 2648 inani
418 2584 603 2646 commento
624 2577 808 2644 habendam
832 2597 902 2644 esse
925 2577 1018 2643 illam
1040 2581 1301 2667 ὀνειρομαντείαν.

269 2701 296 2759 Α
318 2695 543 2782 πολυμηχανίᾳ
566 2714 661 2780 porro
683 2715 750 2758 non
773 2692 956 2778 disjunctus
981 2689 1205 2776 estnequam
1225 2689 1302 2754 deo·

228 2827 301 2870 rum
325 2805 529 2871 interventus
553 2805 593 2871 de
617 2826 680 2891 quo
690 2804 762 2890 jam
773 2803 916 2870 vidimus
929 2805 1044 2889 (supra
1054 2825 1129 2889 pag.
1144 2805 1187 2868 29
1201 2824 1269 2889 sqq.
1275 2803 1299 2884 ’).

227 2917 330 3005 Saepe
363 2919 452 2984 enim
486 2925 525 2985 ut
558 2918 634 2984 deos
669 2918 841 2988 deduceret
872 2918 908 2982 in
940 2938 1071 2984 scenam
1100 2923 1230 2983 coactus
1254 2923 1304 2982 est

226 3053 342 3119 parum
372 3029 514 3097 naturali
544 3031 729 3097 dramatum
761 3036 938 3114 structura,
970 3052 1034 3117 qua
1055 3029 1156 3095 fiebat
1177 3035 1216 3095 ut
1237 3048 1304 3093 non

229 3145 295 3212 nisi
317 3143 401 3210 alter
423 3140 557 3231 quidam
582 3144 807 3226 Prometheum,
833 3141 936 3220 δεινὸς
948 3145 1047 3231 εὑρεῖν
1059 3139 1119 3217 κᾶξ
1129 3141 1303 3229 ἀμηχάνων

227 3263 349 3348 πόρους
364 3260 389 3343 ³,
421 3258 523 3324 nodos
556 3257 623 3323 tam
655 3256 815 3323 laboriose
847 3260 1010 3321 contortos
1031 3258 1145 3340 posset
1168 3254 1303 3337 solvere,

229 3370 402 3457 Euripides
425 3376 554 3454 autem,
579 3369 789 3456 quantumvis
811 3366 966 3452 callidus,
991 3367 1056 3433 nisi
1080 3366 1159 3433 deus
1172 3370 1306 3432 navaret

229 3505 376 3571 operam,
396 3467 586 3570 ¹tragoediae
606 3483 707 3548 finem
732 3481 877 3547 invenire
900 3479 1057 3566 nequiret.
1172 3498 1174 3503 ·

266 3722 273 3752 ¹
307 3720 404 3771 Hecub.
423 3735 457 3772 rs.
473 3721 515 3769 68.

264 3809 274 3842 ²
307 3811 384 3861 Rhea.
401 3825 438 3862 vs.
455 3810 506 3863 780
521 3824 574 3873 sqq.

265 3903 274 3933 ³
308 3900 401 3951 Aesch.
419 3901 503 3950 Proin.
522 3914 557 3948 vs.
575 3900 615 3948 59.
