3258 5328
748 450 789 509 23

236 634 378 719 aliquam
405 632 596 696 affinitatem
622 629 706 694 iuter
730 631 879 694 dramata
903 631 986 695 male
1009 630 1195 716 composita
1212 637 1244 696 et
1260 630 1311 694 in-

236 749 401 814 credulam
440 732 589 812 'mentem
634 751 764 830 poetae,
815 745 944 810 etiamsi
993 767 1160 829 nunquam
1207 745 1311 831 digito

237 863 437 928 iudicaverit.

681 981 707 990 ,ιν
715 980 732 990 ω
744 979 859 992 »κὰκ-γν-

239 1115 252 1195 l
281 1116 309 1178 3.
361 1115 516 1194 Quantum
535 1111 706 1197 Euripidis
727 1114 871 1196 impletos
890 1113 955 1196 ejm
974 1111 1142 1196 rruqoedia
1163 1114 1307 1175 nocuerit.

280 1316 456 1400 Tragoedia
487 1315 613 1394 Attica,
639 1314 768 1399 qualem
793 1313 974 1397 Aeschylus
998 1320 1032 1378 et
1056 1312 1232 1398 Sophocles
1256 1333 1309 1376 co-

236 1431 364 1496 luerant
392 1431 584 1516 qualemque
616 1452 656 1494 ex
690 1450 799 1494 eorum
828 1427 957 1511 scriptis
981 1425 1150 1508 novimus,
1178 1425 1310 1489 numine

235 1550 268 1608 et
302 1543 377 1631 diis
393 1566 499 1610 carere
523 1565 588 1607 non
611 1548 728 1628 potest.
777 1541 844 1604 Vix
867 1539 1145 1625 operaepretium
1168 1544 1219 1604 est
1239 1559 1309 1602 mo-

237 1677 311 1720 nere
347 1657 418 1740 ipsa
452 1655 629 1720 certamina
661 1654 785 1739 tragica
816 1674 926 1717 revera
957 1650 998 1716 ad
1026 1651 1160 1717 deorum
1184 1651 1309 1717 cultum

235 1765 450 1852 pertinuisse,
485 1788 549 1830 non
582 1766 667 1831 enim
703 1765 812 1831 nescio
847 1765 1065 1830 Athenienses
1101 1766 1188 1850 ipsos
1212 1764 1308 1850 hujus

236 1881 280 1944 roi
304 1877 495 1964 plerumque
518 1900 632 1964 parum
657 1877 758 1943 fuisse
782 1899 955 1956 memores;
979 1879 1056 1962 quin
1071 1877 1169 1942 etiam
1183 1899 1309 1942 comoe-

235 1993 308 2057 diae
332 1990 365 2055 in
389 1991 522 2057 deorum
545 1992 699 2057 honorem
723 1992 895 2072 dabantur,
920 1991 953 2054 in
977 1990 1095 2075 quibus
1120 1994 1242 2075 quanto
1258 1989 1309 2053 lu-

235 2104 339 2169 dihrio
364 2111 473 2169 essent
498 2104 628 2170 coelites
649 2126 747 2189 supra
759 2126 832 2190 pag.
850 2107 890 2168 14
905 2126 950 2188 sq.
966 2103 1119 2167 vidimus.
1157 2102 1195 2166 Id
1208 2101 1309 2187 igitur
1379 2177 1383 2194 1

236 2218 348 2299 mitto,
384 2223 422 2282 ut
455 2219 515 2284 hoc
550 2219 656 2284 solum
692 2239 846 2303 urgeam,
878 2217 1063 2302 tragoediae
1097 2216 1168 2301 ipsa
1191 2213 1307 2280 sunda·

235 2336 346 2396 menta
381 2332 443 2396 niti
478 2331 644 2416 religione.
695 2331 730 2397 si
762 2331 949 2396 Aristotelis
982 2330 1111 2414 regulas
1136 2328 1307 2410 adhibeas,

236 2466 315 2529 quas
353 2445 563 2531 Lessingius,
600 2467 665 2509 non
696 2445 840 2530 vulgaris
876 2467 953 2509 sane
986 2445 1026 2509 de
1054 2441 1190 2509 scenicis
1214 2442 1309 2506 rebus

230 2556 351 2640 judex,
383 2557 581 2621 certissimos
606 2577 743 2622 canones
769 2557 896 2622 vocavit
913 2558 938 2640 ¹,
954 2556 1149 2641 tragoedia,
1175 2555 1307 2620 misera-

236 2671 358 2734 tionem
382 2678 415 2734 et
439 2671 588 2735 timorem
612 2671 798 2753 excitand0,
824 2667 950 2754 spectat
972 2669 1233 2735 emendationem
1250 2670 1307 2732 ho-

236 2805 306 2848 rum
332 2789 364 2848 et
387 2783 546 2848 similium
572 2784 606 2870 in
626 2784 795 2848 hominum
810 2783 928 2848 animis
941 2783 1156 2865 affectuun‘,
1174 2782 1309 2868 ideoque

251 2957 462 2978 ..—-—1——.-

266 3061 272 3092 ¹
310 3060 360 3110 Vd.
386 3061 477 3108 Harnb.
504 3059 684 3122 Dramnturgie
710 3059 756 3108 sub
779 3060 866 3107 finem:
903 3058 963 3107 ‘'Ich
981 3058 1070 3120 glaube
1088 3059 1128 3106 die
1146 3059 1310 3109 dmmatische

232 3150 403 3198 “Dichtlmnst
420 3150 512 3198 studirt
528 3165 558 3197 zu
576 3149 668 3197 haben.
679 3185 684 3197 .
695 3186 716 3198 ..
758 3149 818 3198 Wns
835 3148 900 3196 mich
918 3148 969 3196 also
986 3147 1123 3197 versichert
1139 3150 1206 3197 dass.
1217 3189 1222 3197 .
1234 3187 1255 3198 ..
1269 3151 1310 3199 ich

234 3241 293 3287 “das
311 3239 404 3288 Wesen
421 3239 467 3286 der
483 3237 665 3286 dramatischcn
683 3234 837 3284 Dichtlmnso
853 3235 921 3283 nicht
937 3236 1079 3296 rerkenne,
1097 3238 1128 3287 ist
1145 3239 1235 3293 dieses.
1253 3241 1310 3288 dass

234 3328 291 3376 “ich
317 3343 343 3378 es
369 3329 538 3378 vollkourmen
564 3342 591 3376 so
616 3327 727 3376 erkenne
752 3328 799 3375 wie
821 3341 847 3375 es
868 3327 1018 3378 Aristotcles
1035 3345 1079 3378 ons
1096 3330 1143 3380 don
1161 3331 1311 3395 unzthligcn

234 3419 461 3468 “Meisterstiiclren
487 3419 530 3467 der
553 3417 723 3482 griechischen
741 3417 830 3465 Blihne
847 3396 984 3466 abstrahirt
1004 3419 1058 3467 hat.
1069 3454 1074 3466 .
1085 3457 1106 3468 ..
1147 3420 1189 3468 Ich
1208 3422 1310 3483 gestehe

234 3510 306 3556 “dass
334 3507 373 3555 ich
398 3508 438 3556 die
463 3506 617 3556 Dichtlmnst
641 3507 722 3554 dieses
747 3504 913 3568 Philosophen
936 3506 975 3554 ur
991 3509 1029 3555 ein
1047 3508 1137 3557 ebenso
1154 3509 1311 3558 unlehlbares

233 3597 331 3646 “Werk
348 3597 415 3645 halle
432 3596 467 3643 als
484 3596 524 3644 die
542 3595 672 3644 Elementa
688 3597 732 3643 des
749 3595 870 3644 Euklides
887 3611 935 3644 nur
952 3598 1040 3646 immer
1056 3599 1135 3648 sind.’'

268 3685 278 3716 ²
310 3687 380 3735 Poet.
397 3687 425 3733 6:
442 3687 512 3735 ἔστιν
529 3687 575 3734 οὖν
592 3685 718 3749 τραγῳδία
738 3687 840 3750 μίμησις
859 3690 970 3750 πράξειας
991 3689 1132 3746 σπουδαίας
1149 3692 1189 3738 καὶ
1199 3691 1308 3752 τελείας,

234 3773 337 3838 μέγεθος
347 3775 454 3838 ἐχούσης
461 3773 606 3838 ,ἡδυσμένῳ
625 3774 693 3838 λόγῳ
711 3773 786 3837 χωρὶς
804 3775 909 3824 ἑκάστου
928 3781 978 3824 τῶν
997 3776 1069 3826 εἰδῶν
1087 3779 1114 3826 ἐν
1132 3782 1186 3835 τοῖς
1202 3780 1309 3842 μορίοις,

234 3862 354 3927 δρώντων
379 3864 420 3911 nul
439 3864 468 3910 οὐ
486 3862 515 3911 δι’
536 3862 710 3928 ἀπαγγελίας,
729 3861 756 3911 δι’
775 3862 845 3912 ἐλέου
863 3867 902 3912 καὶ
921 3865 1002 3928 φόβου
1021 3867 1175 3926 περαίνουσα
1193 3868 1241 3925 τὴν
1258 3873 1310 3917 τῶν

234 3951 360 4002 τοιούτων
386 3953 547 4016 παθημάτων
569 3953 691 4014 κάθαρσιν
733 3952 813 4013 Quem
832 3953 913 4002 locum
931 3955 1117 4003 venalissimum
1136 3956 1170 4004 im
1186 3957 1307 4019 explican-

234 4042 293 4088 dum
318 4048 393 4104 puto:
427 4041 474 4089 Est
499 4042 576 4104 igitur
601 4042 729 4104 tragoedia
752 4041 858 4089 imitatio
880 4043 983 4091 actionis
999 4043 1092 4110 serico,
1110 4045 1133 4091 in
1151 4059 1177 4093 so
1194 4059 1306 4094 consum·

237 4144 317 4179 mame
341 4131 453 4194 aptisque
479 4131 567 4180 tinibus
591 4131 803 4192 circmnscriptae,
822 4145 936 4194 exprcsso
955 4133 1064 4180 oratione
1082 4137 1163 4182 corath
1180 4144 1218 4192 et,
1235 4143 1311 4197 prout

234 4221 334 4270 diversa
358 4230 415 4268 sunt
439 4237 533 4284 genera
558 4220 667 4278 dicendi,
693 4221 877 4269 accommodata
901 4221 1005 4283 singulis
1031 4223 1111 4284 operis
1135 4225 1256 4285 percibum
1274 4224 1309 4274 itu

161 4337 162 4342 =
234 4324 307 4372 porro
323 4309 451 4367 instituta,
469 4319 496 4358 nt
513 4325 574 4373 quac
591 4317 711 4370 gemntur
729 4289 866 4365 videamus,
881 4323 929 4356 non
942 4309 1027 4357 auditu
1041 4312 1113 4360 modo
1121 4327 1312 4377 coguosmmrrs;

233 4399 338 4462 denique
356 4399 380 4447 id
398 4409 520 4460 spectans,
541 4408 567 4447 ut
584 4399 716 4448 excitando
733 4398 915 4470 miserationem
934 4409 959 4448 cl
972 4400 1099 4461 timorem,
1112 4403 1154 4452 hos
1166 4403 1310 4467 similesque

233 4488 334 4538 affectus
351 4490 475 4537 emender,
