3284 5338
850 471 910 528 102

339 651 467 716 videtur
500 671 604 716 creare
641 649 824 716 molestiam
858 671 998 736 persona
1019 671 1101 736 quae
1125 653 1258 716 recitato
1281 652 1417 738 prologo

341 786 405 830 non
428 765 569 850 amplius
592 771 744 850 apparet,
768 771 806 830 ut
829 764 864 828 in
890 764 1026 830 Hecuba
1048 763 1158 830 anima
1177 765 1339 848 Polydori.

385 878 581 964 Magnopere
613 876 731 961 miror,
771 883 821 942 tot
852 877 1002 964 prologos
1036 878 1127 944 omni
1149 885 1218 944 arte
1237 878 1418 946 'destitutos

341 999 374 1056 et
396 1011 498 1076 paene
519 989 661 1056 insulsos
684 990 725 1056 ab
743 989 899 1074 Euripide
914 1011 985 1056 osse
998 989 1174 1075 confectos,
1193 1012 1295 1077 quum
1306 998 1417 1057 tamen

338 1123 403 1168 non
427 1102 566 1170 nesciret
586 1102 748 1188 quomodo
768 1109 949 1188 opportune
964 1107 998 1168 et
1018 1103 1210 1188 simpliciter
1221 1126 1259 1170 aa
1273 1105 1417 1172 enarrari

338 1221 472 1302 possent
493 1237 576 1301 quae
600 1215 801 1282 innotescero
818 1215 973 1282 deberent
988 1218 1229 1302 spectantibus3
1251 1224 1289 1283 nt
1307 1225 1418 1283 osten-

341 1329 430 1397 ditur
462 1328 558 1396 initio
586 1328 719 1394 Medeae
739 1335 773 1394 et
794 1349 872 1416 prae
894 1330 1028 1396 caeteris
1052 1330 1182 1416 egregio
1206 1330 1265 1396 illo
1287 1329 1418 1416 dialogo

340 1443 427 1509 unde
460 1441 577 1526 incipit
606 1441 777 1528 Iphigenia
799 1442 989 1510 Aulidensis
1008 1445 1028 1510 ¹.
1059 1441 1125 1510 (lur
1146 1449 1243 1529 poeta
1265 1465 1420 1530 persaepe
1481 1511 1487 1520 ,

339 1555 492 1622 maluerit
522 1555 640 1641 frigide
672 1567 705 1622 et
730 1555 834 1641 rigide
865 1579 964 1642 quam
990 1557 1106 1623 leniter
1126 1564 1160 1624 et
1182 1563 1316 1623 naturae
1340 1577 1420 1622 con-

340 1669 506 1736 venienter
536 1669 571 1734 in
609 1669 738 1736 fabulae
777 1677 1006 1754 argumentum
1029 1668 1180 1738 inducere
1201 1676 1417 1758 spectatores,

340 1803 406 1848 uon
435 1781 531 1846 facile
565 1780 625 1846 tibi
658 1780 888 1865 explicaveris;
925 1781 981 1846 sed
1015 1803 1055 1846 ne
1090 1781 1253 1868 Lessingii
1286 1780 1418 1867 quidem

340 1893 515 1962 auctoritas
551 1914 604 1962 me
638 1900 746 1958 movet
779 1901 817 1958 ut
855 1915 931 1958 enm
953 1894 988 1957 in
1013 1893 1157 1979 prologis
1181 1894 1315 1978 “ipsum
1337 1893 1419 1958 artis

341 2006 533 2093 fastigium”
560 2005 711 2090 attigisse
731 2005 880 2082 credam;
903 2005 1005 2070 immo
1028 2005 1075 2072 sic
1098 2006 1231 2074 mallem
1255 2011 1414 2087 statuere,

340 2121 492 2208 prologos
524 2117 605 2184 utile
637 2127 671 2183 et
701 2139 766 2186 non
790 2117 906 2184 infelix
926 2117 1027 2184 fuisse
1043 2117 1210 2203 Euripidis
1230 2119 1417 2201 inventum,

341 2232 398 2298 sed
432 2231 467 2296 iu
501 2231 542 2298 iis
577 2231 809 2317 componendis
847 2230 1021 2317 dupliciter
1056 2253 1131 2297 eum
1164 2232 1294 2317 lapsum
1309 2253 1414 2316 esse,

339 2345 445 2434 primo
471 2343 609 2409 nimium
633 2344 740 2412 locum
757 2342 904 2408 ¹cedendo
930 2343 1016 2427 diis,
1042 2343 1158 2410 deinde
1181 2344 1280 2412 nimis
1307 2345 1418 2410 indul«

341 2571 554 2654 heroinaeque
582 2569 651 2654 jam
684 2570 841 2636 dramatis
873 2569 968 2635 initio
995 2570 1109 2655 longas
1134 2569 1293 2658 orationes
1320 2571 1416 2638 edent

341 2706 416 2750 cum
446 2683 579 2752 caeteris
607 2683 736 2750 fabulae
758 2684 905 2769 partibus
926 2684 1024 2772 plane
1053 2704 1117 2748 non
1139 2683 1362 2762 cohaerentes,
1384 2692 1417 2751 et

342 2805 411 2866 tam
441 2797 557 2864 misere
584 2796 719 2882 frigidas
750 2802 789 2862 ut
810 2795 903 2881 pejus
928 2803 1086 2884 nequeat,
1110 2803 1210 2886 utque
1233 2797 1418 2883 Theognide

342 2910 400 2978 illo
434 2910 486 2978 oui
521 2908 615 2976 Nivis
646 2889 788 2976 inditum
821 2918 1029 2993 cognomen³
1059 2909 1223 2995 digniores
1247 2910 1419 2976 videantur

343 3047 441 3116 quam
475 3024 570 3110 poete
601 3043 699 3112 quem
719 3023 915 3092 Aristoteles
940 3023 1120 3108 appellavit
1146 3025 1377 3110 τραγικώτατον
1393 3025 1418 3091 ⁴.

388 3137 435 3204 Ut
468 3136 605 3222 denique
641 3134 854 3226 respondeam
888 3134 929 3201 ad
964 3134 1047 3204 illud
1082 3135 1206 3203 dictum
1235 3133 1416 3222 Lessingii:

345 3255 409 3318 “ne
432 3274 526 3338 aegre
547 3250 659 3318 feratis
682 3257 797 3336 poetae
820 3250 936 3321 vitium
953 3250 1034 3315 -si
1056 3251 1153 3319 modo
1174 3249 1293 3315 vitium
1308 3285 1351 3296 -
1365 3246 1418 3313 cni

374 3465 382 3498 ¹
403 3463 562 3528 Mnegrauins
585 3464 720 3526 auspicatus
744 3470 782 3512 est
806 3476 893 3514 verum
918 3461 1049 3524 prologum
1073 3461 1172 3511 fabulae
1188 3460 1306 3524 temporis
1326 3457 1419 3522 injuria

343 3554 454 3622 periisse.
486 3552 559 3614 Quod
582 3553 603 3602 si
628 3553 663 3599 ita
686 3558 764 3610 esset,
791 3549 887 3600 felicem
908 3549 1031 3613 jacturam
1054 3549 1229 3602 existimarem.
1257 3551 1371 3600 Bromius
1392 3558 1418 3599 ot

233 3689 235 3696 ,
344 3642 467 3694 Matthiae
483 3640 582 3691 initium
598 3639 671 3706 hujus
687 3642 837 3705 tragoediae,
853 3642 1017 3704 conscriptum
1031 3641 1141 3694 versibus
1154 3641 1322 3704 anapaesticis,
1334 3640 1418 3692 subdi·

342 3734 428 3788 ticinm
451 3738 611 3788 censuerunt,
629 3731 834 3784 sacraturus
852 3745 911 3780 vero
931 3737 1017 3780 eontra
1038 3731 1093 3780 illos
1109 3731 1233 3780 disserens
1250 3731 1318 3794 (pag.
1333 3732 1350 3779 ⁸
1366 3745 1419 3794 sqq.

344 3821 457 3888 prolegg.
474 3836 532 3872 suae
550 3820 671 3882 editionis)
688 3821 749 3870 mihi
766 3821 865 3884 qnidam
882 3819 956 3882 plano
976 3820 1120 3882 persuadet,
1142 3821 1195 3870 sine
1212 3835 1286 3869 cansa
1303 3819 1419 3883 Euripidi

343 3913 487 3980 abjudicari.
520 3911 662 3962 Dindorlius
679 3912 814 3974 genuinum
831 3924 884 3960 esse
900 3911 1030 3962 exordium
1050 3912 1239 3974 anapaesticnm,
1258 3911 1329 3974 eique
1345 3910 1418 3962 Euri·

344 4005 426 4068 pidem
451 4001 570 4050 minorem
594 3999 725 4062 subjecisse
747 4000 853 4049 alterum
879 3999 1010 4048 iambicum
1035 4005 1113 4061 putat.
1137 4025 1168 4034 —
1185 3999 1279 4047 Durius
1295 3999 1326 4045 de
1343 3995 1417 4058 hujus

344 4091 462 4142 dumetis
477 4089 631 4153 expositione
647 4089 816 4140 Bernhardius
833 4087 867 4136 l.l.
886 4103 942 4151 pag.
960 4089 1010 4139 472
1023 4087 1152 4150 judicavit.

378 4180 388 4214 ²
405 4179 448 4230 Ἐν
465 4183 517 4237 τοῖς
534 4178 670 4243 epoho-(otc
686 4177 798 4240 ὀχληρὸν
815 4191 872 4225 oum
889 4176 986 4226 votavit
1005 4183 1089 4226 acutus
1106 4175 1148 4224 ille
1164 4175 1262 4224 criticus
1270 4187 1416 4236 anonymus.

344 4273 412 4336 cujus
428 4269 502 4318 breve
518 4274 587 4318 extat
599 4265 719 4329 iudicium
736 4265 767 4314 de
786 4265 903 4328 Euripide
924 4267 949 4318 in
967 4266 1061 4330 proleg.
1078 4264 1191 4317 Dtntorf.
1208 4264 1264 4323 Ill¹
1282 4263 1420 4314 meritonia

346 4362 393 4414 hcc
409 4358 503 4408 editore
519 4355 650 4406 laudatum.

379 4449 389 4482 ³
406 4444 487 4497 Senot.
504 4446 534 4492 ad
551 4443 630 4494 Arist.
646 4445 724 4506 Vesp.
742 4459 776 4490 ve
798 4445 835 4496 ll.

378 4538 388 4573 ⁴
406 4535 511 4586 aristot.
529 4541 592 4600 poet.
613 4533 648 4586 ta,
