3284 5338
673 1018 848 1096 CAPUT
874 1018 950 1095 IX.

401 1238 580 1283 EURIPIDES
602 1236 638 1281 IN
660 1236 818 1284 VERSIBUS
841 1236 1026 1310 PaucuNms
1048 1236 1212 1282 NOVATOB.

321 1550 436 1633 Ratio,
464 1571 562 1635 quam
586 1548 758 1635 Euripides
784 1549 819 1612 in
847 1548 993 1616 versibus
1013 1549 1196 1635 pangendis
1218 1551 1348 1614 secutus

274 1671 340 1748 est,
364 1684 431 1728 non
456 1662 565 1728 minus
592 1683 701 1727 severe
712 1661 754 1726 ab
771 1659 988 1746 Aristophane
1002 1661 1237 1728 condemnatur
1250 1680 1349 1744 quam

177 1756 179 1762 ¹
275 1797 484 1864 quaecunque
520 1777 562 1842 ad
602 1776 788 1842 dramatum
825 1775 1095 1860 compositionem
1132 1773 1349 1858 materiaeque

275 1886 500 1956 tractationem
523 1889 696 1976 pertinent
727 1889 791 1954 Hic
815 1889 915 1954 etiam
938 1888 1093 1975 quioquid
1119 1887 1197 1953 novi
1218 1886 1348 1971 excogi-

276 2001 359 2068 tavit
379 2007 412 2068 et
437 2001 591 2087 quicquid
610 2001 901 2087 apraecessoribus
913 2001 1094 2086 discrepare
1105 2001 1168 2067 sibi
1179 1999 1347 2087 permisit,

274 2116 397 2180 comico
421 2114 473 2180 vel
496 2135 534 2180 eo
558 2113 629 2199 ipso
651 2115 783 2179 nomine
806 2114 1005 2199 culpandum
1028 2114 1164 2180 videtur.

321 2229 432 2296 Primo
462 2226 594 2313 quidem
628 2226 794 2293 videamus
827 2227 868 2293 de
901 2227 1046 2294 canticis.
1081 2226 1184 2293 Extat
1221 2225 1261 2290 de
1297 2225 1349 2290 his

275 2343 364 2408 locus
395 2361 550 2426 perquam
582 2340 755 2425 probrosus
793 2339 829 2404 in
854 2340 972 2424 Ranis,
1000 2362 1047 2406 vs.
1074 2343 1158 2405 1298
1181 2361 1269 2424 sqq„
1293 2336 1349 2402 ubi
1396 2346 1399 2350 ’

274 2453 456 2537 Aeschylus
479 2453 667 2519 imitaturus
692 2453 818 2519 cantica
844 2452 1022 2538 Euripiden
1042 2453 1089 2519 sic
1112 2453 1274 2538 loquitur:

395 2565 470 2633 ἀλλ’
493 2566 551 2633 οὖν
572 2569 710 2652 ἐγὼμὲν
731 2569 763 2642 ἐς
785 2569 821 2632 τὸ
843 2567 943 2634 καλὸν
963 2569 994 2655 ire
1015 2573 1071 2631 τοῦ
1094 2564 1191 2630 καλοῦ
1314 2561 1317 2566 ’

394 2673 528 2759 ἤνεγκον
549 2671 634 2744 αὔθ’,
654 2675 707 2737 ‘iva
727 2674 769 2755 μὴ
790 2675 847 2737 τὸν
868 2673 964 2738 αὐτὸν
987 2675 1137 2758 Φρυνίχῳ

395 2776 532 2860 λειμῶνα
554 2781 695 2843 Μουσῶν
716 2779 801 2864 ἱερὸν
822 2777 951 2861 ὀφθείην
974 2772 1106 2863 δρέπων·

396 2881 490 2957 οὗτος
512 2876 538 2946 δ’
559 2880 622 2947 ἀπὸ
643 2882 773 2948 πάντων
794 2885 850 2964 μὲν
872 2883 953 2966 φέρει
975 2876 1145 2965 πορνιδίων
1159 2881 1184 2952 ¹,

310 3081 316 3112 ¹
334 3081 477 3132 Lectionum
494 3083 633 3147 vulgatam,
651 3092 731 3134 metro
748 3090 930 3148 repugnantem
951 3084 1001 3145 (-
1013 3109 1048 3133 oo
1061 3084 1123 3143 -),
1140 3083 1252 3132 Koclrins
1269 3083 1293 3130 in
1305 3097 1349 3132 sua
1395 3149 1398 3154 .

274 3171 383 3221 editions
399 3171 447 3220 sibi
462 3174 607 3222 emendasse
626 3173 692 3222 visus
708 3180 753 3232 est,
769 3173 876 3236 legendo
888 3172 1106 3236 rrupowioa,qnod
1116 3172 1349 3236 vocabulumneqne

275 3249 357 3312 s‘ensm
373 3262 432 3311 satis
448 3263 576 3327 congruit,
593 3243 674 3327 neque
690 3262 817 3314 Graecum
833 3272 879 3315 est.
912 3263 970 3312 Non
985 3261 1035 3310 alia
1050 3261 1167 3325 exempla
1183 3276 1197 3310 e
1213 3261 1283 3312 bonis
1299 3262 1349 3311 At-

276 3351 330 3400 ticis
352 3351 513 3415 scriptoribus
535 3352 610 3402 allata
633 3353 684 3402 ridi
704 3353 732 3401 in
753 3352 878 3402 Diodorfli
899 3351 1029 3402 Thesauro
1049 3366 1123 3415 quam
1142 3351 1222 3400 Arist.
1239 3351 1349 3400 Acharn.

277 3455 314 3490 vs.
331 3442 388 3498 981,
406 3443 540 3507 παροίνιος
556 3443 622 3507 ἀνὴρ
639 3443 696 3508 ἔφυ,
713 3458 745 3492 ex
761 3456 809 3506 quo
825 3442 878 3492 loco
894 3449 989 3500 amen,
1007 3441 1179 3491 emendatione
1198 3455 1248 3490 non
1269 3441 1351 3497 dubia,

276 3531 387 3594 spurium
406 3531 457 3580 hoc
477 3512 626 3594 adjectivum
647 3532 731 3596 abegit
756 3533 807 3581 Vir
831 3531 897 3582 clar.
922 3531 1014 3592 Cobet,
1034 3532 1120 3595 legens
1142 3533 1264 3596 πάροινος
1284 3530 1349 3594 ἀνὴρ

276 3618 321 3682 ἔφυ
338 3617 397 3679 (vid
414 3619 578 3683 Mnemosyne
593 3620 652 3668 anni
672 3622 747 3678 187⁴,
764 3634 821 3684 pag.
838 3622 887 3670 tlt
902 3621 960 3684 sa),
994 3620 1043 3670 Sed
1059 3620 1099 3669 fao
1114 3621 1189 3671 licere
1205 3621 1349 3670 vocabulum

277 3714 328 3756 tam
345 3707 425 3756 malae
441 3717 512 3756 notae
527 3708 658 3757 obtrudere
676 3709 846 3772 Aristophani,
863 3709 922 3773 qnid
932 3693 1101 3772 significabit?
1121 3708 1238 3760 Comicus
1253 3717 1349 3758 tantum

277 3799 307 3846 de
332 3797 475 3846 homiuibus
499 3796 578 3846 ebriis
601 3797 662 3846 dicit
684 3797 813 3862 πάροινος,
830 3797 870 3845 sin
887 3811 944 3846 snm
961 3811 1079 3861 cogemus
1095 3797 1162 3860 loqui
1178 3797 1265 3860 lingua
1281 3797 1349 3846 seho-

277 3885 411 3944 liastarum,
430 3887 550 3950 παροίνια
568 3886 604 3934 nil
620 3887 668 3936 nisi
685 3887 774 3936 σκόλια
792 3896 875 3946 erunt,
891 3902 953 3950 qnae
970 3887 1086 3951 proximo
1102 3901 1174 3936 versu
1184 3887 1351 3936 nominantur.

277 3974 339 4022 vid.
362 3974 413 4024 sch.
435 3977 515 4040 Vesp.
539 3978 614 4026 12³1:
637 3978 723 4026 σκολιὰ
746 3979 777 4026 τὰ
795 3978 915 4040 παροίνια
930 3975 1005 4041 μέλη,
1023 3977 1054 4025 ib¹
1076 3978 1151 4030 1217:
1167 3979 1199 4026 τὰ
1217 3977 1316 4037 σκολιά,
1334 3980 1350 4026 t'

277 4060 323 4110 rior
342 4063 466 4126 παροίνιοι
482 4063 553 4128 doni.

309 4151 368 4200 Non
384 4151 481 4202 felicior
497 4153 593 4202 Koclrio
609 4152 636 4201 in
651 4162 735 4203 nostro
751 4153 805 4202 loco
821 4153 967 4217 corrigendo
983 4154 1044 4202 olim
1062 4153 1108 4204 fuit
1125 4155 1259 4214 Personas,
1279 4156 1350 4220 cujus

277 4239 419 4302 conjectura
435 4238 520 4300 (οὗτος
537 4237 557 4288 δ’
575 4239 628 4287 ἀπὸ
646 4238 753 4287 πάντων
770 4238 909 4302 πορνιδίων
925 4237 986 4301 μέλη
1004 4238 1078 4303 φέρει)
1096 4248 1241 4291 contextum
1249 4255 1351 4305 prorsus

277 4331 411 4394 perturbat.
445 4328 509 4379 Mihi
529 4329 682 4379 irruentem
700 4329 782 4378 venit:

470 4417 544 4476 οὗτος
561 4417 582 4466 δ’
600 4417 651 4466 ἀπὸ
670 4415 775 4467 πάντων
791 4419 837 4479 μὲν
855 4415 926 4480 φέρει,
947 4417 1042 4480 πόρνης
1059 4416 1143 4479 δίκην,

277 4507 303 4556 id
320 4514 369 4557 est:
388 4507 430 4556 so
445 4523 512 4567 atero,
529 4523 573 4557 ccc
590 4509 726 4565 curatrici,
743 4521 760 4555 a
777 4506 887 4569 quolibet
906 4507 1004 4556 lacrum
1021 4509 1099 4571 capit.
