3258 5328
751 461 791 521 75

478 641 541 728 κᾷτ’
565 646 737 709 increbruit»
758 646 776 718 ἡ
797 643 894 718 πόλις
916 645 1003 727 ἡμῶν

478 750 744 836 ὑπογραμματέων
768 747 980 834 ἀνεμεστώθη,

477 858 524 917 καὶ
546 851 755 940 βωμολόχων
777 850 1015 936 δημοπιθήκων,

477 956 701 1033 ἐξαπατώντων
722 961 777 1025 τὸν
800 956 898 1042 δῆμον
919 957 984 1023 ἀεί·

478 1060 626 1147 λαμπάδα
647 1059 673 1128 δ’
695 1059 797 1138 οὐδεὶς
819 1065 888 1139 οἶός
908 1091 939 1136 τε
961 1066 1060 1150 φέρειν

478 1166 529 1231 ὑπ’
552 1168 749 1252 ἀγυμνασίας
771 1167 813 1233 ἔτι
835 1173 912 1232 νυνί·

238 1308 352 1394 Neque
378 1311 483 1378 multo
505 1311 638 1394 mitius,
664 1312 698 1376 in
720 1311 785 1378 fine
806 1311 934 1378 fabulae
949 1312 1092 1378 advivos
1108 1311 1304 1398 regrediens,

237 1421 277 1486 de
300 1422 387 1489 victo
408 1424 590 1492 adversario
613 1424 788 1491 Plutonem
811 1437 922 1492 mouet
942 1429 1003 1512 (vs.
1032 1426 1148 1511 1520):

478 1556 615 1635 μέμνησο
636 1549 663 1618 δ’
685 1556 772 1628 ὅπως
794 1558 812 1618 ὁ
835 1560 1018 1640 πανοῦργος
1040 1554 1118 1639 ἀνὴρ

479 1660 526 1722 καὶ
548 1653 748 1744 ψευδολόγος
769 1657 818 1723 καὶ
838 1656 1039 1746 βωμολόχος

480 1757 624 1842 μηδέποτ’
648 1766 691 1837 εἰς
712 1765 767 1828 τὸν
789 1762 886 1829 θᾶκον
907 1766 964 1829 τὸν
985 1767 1059 1846 ἐμὸν

479 1860 550 1947 μηδ’
573 1865 656 1932 ἄκων
676 1863 887 1951 ἐγκαθεδεῖται.

286 1995 416 2074 Quanto
445 1994 518 2063 odio
549 1994 681 2060 haberet
710 1992 850 2060 comicus
875 1994 1086 2081 Euripideum
1109 1994 1305 2077 facundiam,

241 2109 320 2175 satis
344 2107 429 2173 clare
450 2128 538 2173 nunc
558 2107 709 2172 vidimus.
756 2107 833 2172 Jam
857 2107 885 2172 si
912 2129 1023 2193 roges,
1047 2128 1112 2194 quo
1123 2107 1196 2193 jure
1208 2108 1306 2173 Euri·

241 2221 311 2306 pidi
333 2220 509 2286 rhetoricae
527 2220 690 2305 ampullae
714 2225 747 2286 et
761 2219 902 2286 forensia
914 2221 1051 2288 artificia
1062 2221 1305 2308 exprobrentur,

241 2333 410 2402 fatendum
442 2339 493 2398 est
522 2354 595 2398 eum
619 2353 774 2418 perquam
798 2333 965 2399 adamasse
990 2339 1178 2400 ornamenta
1200 2338 1306 2400 orato-

241 2447 308 2530 ria,
341 2452 374 2511 et
402 2445 540 2511 libenter
569 2446 750 2514 ostendisse
780 2446 814 2510 in
844 2445 964 2512 fabulis
995 2447 1079 2528 suis,
1106 2447 1307 2532 quambene

243 2565 354 2624 nosset
376 2557 506 2623 dicendi
529 2563 650 2635 artem,
676 2563 873 2644 quantopere
899 2558 961 2624 sibi
985 2559 1019 2623 iu
1035 2564 1187 2645 promptu
1199 2566 1309 2628 esseut

243 2669 401 2756 ejusmodi
417 2667 593 2756 ἀντιλογίαι
611 2675 657 2736 καὶ
669 2669 820 2754 λογισμοὶ
834 2676 882 2736 καὶ
895 2675 1029 2758 ‹rr-popul
1040 2671 1064 2755 ¹,
1076 2671 1188 2758 quales
1200 2693 1308 2737 exem-

222 2784 291 2876 χμΙί
311 2784 417 2870 gratia
437 2790 611 2852 cernuntur
629 2784 687 2850 ubi
701 2785 853 2853 brevibus
866 2786 985 2852 dictis²
1000 2786 1165 2852 lacessunt
1179 2807 1213 2852 se
1227 2785 1309 2852 duae

243 2919 397 2984 personae
431 2898 587 2982 tragicae,
624 2900 820 2965 tetrametris
852 2898 1094 2984 utplurimum
1120 2897 1307 2980 trochaicis,

245 3032 380 3096 quorum
412 3010 534 3096 singuli
565 3010 689 3078 dictum
724 3022 757 3077 et
788 3034 980 3097 responsum
1002 3010 1208 3094 contineant,
1233 3019 1308 3095 aut,

245 3125 301 3191 ubi
333 3124 507 3192 iambicum
537 3130 678 3190 metrum
708 3125 895 3203 adhibetur,
920 3125 954 3189 iu
978 3122 1180 3211 στιχομυθίο,
1204 3124 1311 3190 idest

245 3239 404 3325 colloquio
427 3239 474 3303 ita
488 3239 636 3308 ordinato
655 3244 693 3303 ut
705 3244 840 3324 utraque
852 3259 990 3325 persona
1002 3239 1141 3326 singulis
1156 3239 1207 3304 vel
1224 3239 1310 3305 binis

172 3403 175 3415 r
246 3353 400 3419 trimetris
424 3353 579 3419 absolvat
594 3353 789 3418 sententiam
802 3355 823 3417 ³.
859 3351 922 3419 Sed
935 3353 1084 3438 inprimis
1097 3359 1208 3439 captat
1220 3375 1310 3419 occa-

246 3467 351 3532 siones
386 3466 598 3533 interserendi
630 3467 697 3532 suis
730 3466 903 3552 tragoediis
936 3466 1115 3552 orationeS,
1152 3488 1217 3531 non
1240 3455 1311 3532 raro

279 3714 284 3746 ¹
319 3716 382 3766 aar.
408 3731 443 3766 rs.
468 3716 531 3772 7753
556 3721 705 3779 quapropter
730 3713 912 3778 Aristophanes
938 3729 996 3764 eum
1020 3715 1046 3763 in
1063 3717 1169 3780 quodam
1186 3713 1312 3777 deperdito

244 3807 354 3855 dmmutc
377 3803 565 3869 στρεψίμαλλον
587 3805 636 3864 τὴν
663 3803 755 3868 τέχνην
770 3805 881 3862 vocavit,
902 3804 1005 3854 ratibus
1021 3803 1118 3854 scholiis
1136 3803 1235 3866 (fragm.
1253 3799 1312 3850 Ari-

245 3893 326 3956 stoph.
342 3894 392 3944 542
408 3893 503 3956 Dina).

279 3981 289 4014 ²
321 3983 379 4031 Non
401 3983 527 4032 immerito
553 3983 685 4046 Euripides
710 3983 831 4046 gloriatur
856 3982 882 4029 in
898 3981 949 4030 suis
967 3983 1078 4031 versibus
1094 3996 1213 4044 nusquam
1230 3994 1312 4028 occur·

245 4085 300 4122 rere
317 4071 434 4133 στοιβήν,
451 4073 476 4121 id
493 4081 544 4131 est,
567 4087 653 4122 vocem
670 4073 769 4122 inanem
786 4073 858 4120 metri
874 4085 949 4121 caus·
966 4072 1048 4122 versui
1066 4072 1184 4121 insertam
1202 4069 1313 4132 (Belgica

246 4175 292 4210 eeu
309 4160 422 4223 amplup),
439 4161 502 4210 Rau.
519 4176 555 4210 vs.
575 4163 644 4213 1178,

279 4249 289 4280 ³
322 4250 413 4299 Pollux
438 4250 490 4299 IV:
517 4251 563 4300 113
581 4250 817 4314 Στιχομνθίαε-τὸ
835 4247 894 4311 παρ’
911 4251 938 4298 ἓν
955 4247 1071 4312 ἰαμβεῖον
1089 4246 1239 4312 ἀντιλέγειν.
1274 4249 1314 4297 De

248 4337 420 4403 stichomythia
435 4340 571 4402 Euripiden
588 4340 693 4401 scriptus
711 4345 749 4388 ast
766 4336 830 4386 liber
847 4337 878 4385 ab
896 4338 927 4386 Η.
946 4336 1054 4394 Behrur,
1073 4335 1183 4387 Wetnlar
1203 4337 1272 4395 1854,
1289 4337 1314 4383 in
1360 4321 1361 4326 ¹

248 4444 296 4495 quo
320 4429 421 4493 regulae
445 4446 460 4477 a
484 4437 556 4492 poeta
581 4430 605 4477 iu
629 4428 718 4476 talibus
734 4425 831 4476 dicendi
848 4427 1023 4475 certaminibus
1040 4428 1184 4476 observatae
1202 4435 1313 4475 accurate

249 4529 414 4583 exponuntur.
