3258 5328
845 452 886 514 76

331 639 463 725 longas3
487 644 521 704 et
543 638 599 704 ubi
622 637 674 703 vel
694 635 865 702 minimam
890 657 1004 702 ausam
1027 632 1091 701 sibi
1105 633 1286 720 praebitum
1298 634 1397 716 videt,

330 750 481 838 producit
500 751 629 817 heroem
653 749 705 816 vel
728 748 896 816 heroiuam
918 748 1015 835 plane
1037 747 1159 814 forensi
1179 747 1305 812 ratione
1321 769 1397 812 oau-

331 885 400 930 sam
433 885 525 930 suam
553 862 779 930 defendentem
809 863 962 928 adversus
994 860 1136 947 aliquem
1167 865 1397 944 accusatorem,

331 976 417 1043 hune
448 998 574 1063 quoque
605 999 645 1042 ex
669 975 795 1062 legibus
819 972 975 1040 oratoriae
997 973 1076 1039 artis
1100 973 1274 1057 dicentem,
1298 995 1398 1059 quum

331 1091 446 1156 chorus
479 1110 573 1174 saepe
599 1087 720 1174 judicis
749 1093 827 1174 egat
858 1091 985 1173 partes,
1017 1093 1051 1153 et
1079 1087 1207 1174 quoties
1234 1087 1276 1152 ad
1298 1086 1397 1153 finem

331 1203 486 1288 perducta
506 1207 557 1269 est
578 1200 680 1266 oratio
703 1199 889 1286 opinionem
912 1222 1006 1267 suam
1024 1201 1110 1284 edat,
1125 1222 1192 1268 uno
1207 1202 1397 1287 pierumque

332 1315 482 1383 disticho.
529 1314 601 1380 Viri
627 1314 679 1379 illi
705 1321 738 1380 et
760 1313 930 1397 mulieres,
954 1336 1034 1400 quos
1052 1314 1124 1401 jam
1146 1336 1244 1402 supra
1255 1315 1396 1382 vidimus

334 1430 424 1516 (pag.
450 1431 493 1496 59
517 1430 583 1516 sq.)
606 1428 642 1493 in
665 1428 759 1494 rebus
785 1427 920 1514 trepidis
945 1450 1040 1514 saepe
1060 1450 1173 1494 vacare
1196 1427 1397 1514 disquisitio·

333 1545 429 1611 nibus
452 1543 704 1630 philosophicis,
729 1565 793 1608 nou
817 1541 926 1608 minus
951 1563 1063 1628 saepe,
1089 1543 1124 1607 in
1147 1547 1274 1609 astutos
1290 1542 1398 1609 subito

334 1661 474 1724 oratores
497 1658 658 1742 conversi,
681 1679 739 1744 per
760 1678 872 1723 omnes
898 1661 983 1723 artes
1003 1656 1146 1723 forenses
1163 1679 1399 1725 causamsuam

334 1769 418 1837 tueri
446 1769 563 1837 sciunt
611 1771 687 1836 Non
715 1770 835 1836 mirum
862 1769 983 1856 igitur,
1011 1769 1276 1851 aQuinctiliane
1300 1771 1398 1836 Euri-

334 1883 444 1970 pidem
466 1881 538 1950 ideo
560 1905 637 1970 prae
657 1883 791 1950 caeteris
809 1883 1019 1969 scriptoribus
1038 1883 1169 1969 tragicis
1180 1885 1398 1950 commendari

330 1995 499 2082 juventuti
521 1996 562 2062 ad
585 1996 787 2083 eloquentiae
811 1995 957 2062 studium
976 2017 1011 2061 se
1031 1989 1210 2082 applicadti
1226 2001 1247 2062 ¹.
1296 1997 1399 2079 Quin·

336 2117 389 2177 tus
418 2110 529 2178 Cicero
559 2115 672 2178 tantus
695 2115 763 2177 erat
783 2109 948 2196 Euripidis
973 2109 1166 2195 admirator,
1191 2116 1229 2176 ut
1251 2111 1399 2198 singulos

336 2222 405 2307 ejus
428 2245 539 2289 versus
564 2222 693 2308 singula
716 2222 904 2289 testimonia
918 2222 1084 2300 voearet²;
1105 2221 1310 2290 necmineris
1324 2248 1399 2291 eum

336 2335 475 2402 faciebat
508 2337 656 2419 Marcus,
691 2357 786 2422 quem
818 2335 852 2399 iu
886 2335 1000 2400 Medea
1030 2334 1168 2421 legenda
1190 2343 1398 2423 occupatum,

337 2471 438 2536 quum
467 2449 581 2515 leotice
611 2449 652 2514 ed
682 2447 781 2514 maris
802 2448 881 2514 litus
905 2448 1091 2534 deferretur,
1116 2448 1253 2516 offendit
1275 2451 1400 2518 Laenas

337 2584 412 2629 cum
436 2561 558 2628 sicariis
574 2569 597 2627 ³.

382 2675 450 2740 Vix
468 2675 537 2741 ulla
559 2675 725 2762 tragoedia
747 2669 924 2763 Euripidea
936 2675 996 2742 tali
1008 2676 1137 2764 dialogo
1148 2677 1287 2745 oratorio
1302 2687 1399 2747 caret

339 2790 378 2854 In
413 2789 549 2855 Hecube
579 2789 730 2856 audimus
761 2791 1007 2875 Polymnestore
1037 2797 1070 2857 et
1102 2792 1270 2858 Hecubam
1293 2815 1403 2859 coram

338 2904 585 2990 Agamemnone
617 2905 835 2991 disceptantes
849 2907 871 2971 ⁴.
919 2904 1049 2972 Orestes
1081 2906 1115 2971 in
1144 2907 1331 2991 cognomini
1352 2906 1402 2973 fe-

339 3016 417 3082 bula
438 3022 576 3083 matrem
591 3017 665 3104 jure
686 3041 706 3084 a
726 3039 761 3085 se
782 3017 920 3084 occisam
941 3040 1012 3084 esse
1036 3020 1171 3104 probare
1191 3019 1302 3086 studet
1316 3021 1404 3105 Tyn-

340 3129 435 3195 darec
442 3179 452 3214 ,
483 3130 563 3197 satis
592 3132 783 3219 sophistice,
816 3139 849 3198 et
879 3137 947 3198 tam
970 3133 1096 3218 placide
1119 3141 1157 3199 ut
1178 3133 1234 3198 vix
1256 3134 1403 3200 aFuriis

375 3339 383 3370 ¹
415 3339 531 3402 Quinctil.
547 3343 582 3401 X,
601 3343 680 3402 1‚67:
711 3342 778 3394 “Sed
796 3343 870 3410 louge
888 3342 977 3393 clarius
995 3344 1133 3409 [Aeschylo
1149 3345 1279 3410 nimirum]
1297 3346 1404 3396 masua-

342 3433 449 3479 “vernnt
471 3430 520 3500 hoc
545 3446 604 3497 opus
629 3432 762 3496 Sophocles
781 3440 853 3498 atque
875 3434 1021 3498 Euripides,
1037 3449 1141 3499 quorem
1157 3436 1182 3484 in
1198 3436 1290 3500 dispari
1307 3436 1406 3486 dicendi

342 3520 399 3572 “via
423 3528 479 3571 uter
507 3521 539 3570 sit
561 3529 635 3587 poeta
660 3524 761 3583 melior,
784 3524 848 3574 inter
872 3523 993 3589 plurimos
1008 3525 1142 3589 quaeritur.
1175 3527 1251 3590 quue
1268 3541 1315 3590 ego
1337 3541 1407 3586 sane,

342 3609 475 3675 “quoniam
499 3610 531 3659 ad
556 3617 710 3674 praesentem
735 3613 866 3662 materiem
888 3613 952 3663 nihil
972 3614 1092 3678 pertinet,
1108 3613 1271 3678 injudicatum
1285 3616 1408 3680 relinquo.

343 3701 425 3751 “Illud
441 3701 540 3765 quidem
557 3715 630 3752 nemo
646 3715 695 3750 non
712 3701 818 3751 fateatur
833 3717 932 3754 necesse
947 3710 996 3763 est,
1013 3703 1044 3752 iis
1058 3706 1099 3768 qui
1116 3719 1142 3755 ss
1158 3706 1190 3755 ad
1204 3707 1329 3768 egendum
1339 3720 1407 3756 com·

344 3793 447 3854 “perant
468 3790 591 3840 utiliorem
606 3790 680 3856 longe
697 3791 843 3855 Euripidem
859 3793 919 3843 fore.
951 3793 1065 3857 Namque
1081 3793 1102 3842 is
1118 3801 1144 3844 st
1159 3794 1185 3843 in
1202 3808 1313 3844 sermone
1330 3795 1406 3859 (quod

344 3878 442 3942 “ipsum
466 3879 650 3943 reprehendunt
672 3879 759 3944 quibus
775 3881 886 3944 gravitas
903 3889 928 3932 et
942 3881 1078 3932 cothurnus
1095 3889 1121 3932 et
1135 3897 1211 3932 sonus
1227 3882 1354 3946 Sophoclis
1370 3883 1407 3932 vi·

344 3968 433 4018 “detur
449 3983 503 4019 esse
523 3969 659 4033 sublimior)
679 3971 760 4034 magis
776 3971 870 4021 aceedit
885 3973 993 4022 oratorio
1010 3971 1109 4036 generi;
1125 3978 1150 4027 et
1166 3971 1292 4021 sententiis
1308 3971 1407 4030 densus,

344 4062 386 4109 “et
409 4059 436 4107 in
460 4059 491 4108 iis
511 4073 574 4124 quae
596 4076 611 4110 a
627 4059 777 4124 sapientibus
794 4061 882 4110 hadita
897 4067 954 4110 sunt
970 4075 1048 4125 paene
1062 4060 1122 4124 ipsis
1139 4076 1196 4124 par,
1214 4069 1240 4111 et
1257 4060 1402 4110 indicendo

345 4152 389 4197 “ac
411 4149 580 4211 respondendo
600 4148 700 4198 cuilibet
715 4163 801 4199 eorum
819 4149 860 4214 qni
876 4149 977 4200 luerunt
992 4149 1018 4199 in
1033 4150 1087 4200 soro
1103 4149 1189 4201 diserti
1205 4148 1407 4216 comparandus.”

377 4236 389 4269 ²
420 4237 472 4288 cie.
488 4236 566 4301 Epist.
583 4239 613 4288 ad
630 4237 687 4288 fam.
703 4238 824 4288 xvha.

378 4326 388 4357 ³
421 4325 604 4390 Hephaestione
619 4334 680 4378 teste
701 4329 736 4388 V,
753 4330 776 4378 5.

379 4417 389 4448 ⁴
421 4416 461 4464 Ita
483 4424 522 4474 ut,
539 4426 624 4466 canna
639 4432 713 4480 quam
730 4420 831 4469 suadeat
847 4419 917 4476 ratio,
935 4433 1010 4482 quum
1027 4433 1041 4466 a
1058 4417 1157 4467 moestis
1175 4417 1408 4481 vehementibusquc

346 4504 451 4568 querelis
468 4503 587 4568 inceperit
603 4505 697 4566 fabula,
713 4507 809 4556 desinat
825 4508 850 4555 in
866 4513 966 4571 argutas
983 4507 1026 4558 sed
1042 4507 1100 4556 satis
1116 4506 1219 4570 frigidas
1236 4508 1364 4558 orationes.
