3284 5338
748 459 790 518 99

226 659 354 726 quoque
392 640 427 705 in
458 644 550 725 parte
572 637 641 723 ejus
666 660 797 704 oausam
820 645 982 726 tueretur,
1007 643 1149 729 exceptis
1173 647 1303 711 tantum

229 753 385 820 Barnesio
418 759 451 818 et
478 753 658 838 Lessingio.
684 753 811 818 Horum
835 755 992 840 alterum,
1018 756 1149 821 doctum
1172 758 1303 843 quidem

228 868 286 933 sed
308 889 424 953 parum
448 866 574 932 subacti
597 865 721 952 ingenii
744 867 909 952 Anglum‚
934 869 988 934 hic
1009 869 1148 934 missum
1165 870 1301 950 faciam

227 981 310 1047 alter
332 1002 427 1065 vcro,
452 979 509 1066 qui
537 979 578 1044 ad
601 978 743 1044 scenicas
766 1000 817 1044 res
840 979 1064 1066 dijudicandas
1088 988 1158 1048 turn
1183 1003 1304 1069 magna

227 1095 408 1161 eruditione
431 1101 501 1160 turn
525 1094 631 1159 multo
654 1115 716 1158 usu
739 1099 808 1160 erat
830 1091 1074 1180 paratissime,
1087 1118 1164 1161 sane
1183 1095 1303 1182 dignus

227 1215 278 1275 est
301 1209 344 1276 ad
366 1207 457 1294 cujus
480 1207 667 1292 opinionem
688 1227 765 1274 mox
788 1206 1004 1274 attendamus.
1088 1281 1092 1286 ,

274 1323 311 1388 si
332 1319 434 1408 igitur
456 1320 645 1408 inquisituri
665 1341 800 1404 sumus,
827 1321 945 1406 quibus
968 1319 1059 1387 vitiis
1081 1322 1208 1408 prologi
1236 1321 1304 1387 Eu·

229 1435 345 1520 ripidis
376 1434 541 1516 laborent,
570 1433 641 1518 jam
676 1432 789 1498 statim
824 1433 972 1500 videmus
1008 1455 1062 1500 eos
1086 1456 1157 1500 esse
1180 1435 1304 1520 aliquid

228 1547 324 1632 plane
346 1547 422 1613 novi
438 1549 459 1612 ¹.
483 1546 636 1612 Notabile
659 1546 809 1632 inprimis
832 1547 913 1611 mihi
936 1548 1084 1632 videtur,
1104 1546 1165 1614 hoc
1180 1570 1305 1634 quoque

228 1662 359 1727 nornine
384 1660 548 1746 Euripidis
571 1645 699 1725 fabulas
722 1659 764 1725 ad
785 1681 902 1726 novam
920 1661 1121 1728 comoediam
1139 1643 1307 1743 accedere,

229 1774 263 1838 in
298 1795 362 1859 qua
395 1771 493 1838 moris
517 1771 619 1838 fuisse
648 1793 687 1836 ex
710 1771 894 1838 imitatione
918 1774 1110 1840 Latinorum
1133 1775 1304 1855 novimus,
1365 1785 1368 1792 ’

229 1891 266 1950 ut
289 1891 464 1971 antequam
486 1883 669 1949 diverbium
692 1883 914 1967 inchoaretur,
938 1885 1126 1971 monologio
1148 1886 1198 1951 vel
1211 1907 1303 1971 prae-

229 1999 351 2064 fatione
374 2021 412 2064 ea
434 2003 658 2064 enarrarentur
682 1998 916 2083 spectatoribus
941 1999 981 2064 de
1005 2004 1160 2085 tempore,
1184 2000 1256 2065 loco
1271 2005 1304 2064 et

229 2111 358 2178 fabulae
380 2111 526 2198 personis
547 2132 631 2197 quae
653 2132 921 2196 praecognoscere
937 2132 1105 2178 necessum
1117 2119 1210 2178 esset.
1229 2112 1303 2177 Non

230 2224 343 2290 dubito
374 2226 453 2311 quin
483 2230 569 2291 recte
595 2225 768 2308 judicent²
790 2225 846 2310 qui
869 2245 909 2290 ex
930 2225 1075 2292 novitate
1097 2230 1304 2311 argumento-

229 2357 303 2402 rum
332 2359 463 2404 causam
490 2338 587 2424 hujus
610 2337 755 2404 instituti
778 2343 944 2424 repetunt;
961 2361 1038 2404 nam
1051 2338 1162 2404 vdonec
1185 2337 1305 2404 tradita
1364 2375 1367 2384 ·

230 2453 457 2518 tantummodo
477 2452 547 2518 sine
569 2451 751 2518 mutatione
774 2453 1015 2536 tractabantur,
1040 2453 1092 2517 vel
1115 2453 1186 2538 ipso
1206 2452 1304 2518 titulo

230 2566 385 2631 dramatis
409 2566 521 2631 andito
544 2570 738 2651 spectatores
766 2587 803 2630 sa
826 2566 972 2632 sciebant
996 2588 1077 2651 quae
1102 2567 1143 2631 ad
1159 2565 1304 2632 fabulam

228 2675 311 2744 bene
352 2679 599 2765 intelligendam
641 2679 841 2756 sufficerent3
884 2684 1059 2765 postquam
1097 2701 1171 2745 vero
1205 2680 1305 2744 veteri

231 2793 413 2878 tragoediae
435 2814 519 2858 nova
542 2792 697 2857 successit
719 2791 884 2857 comoedia
908 2814 988 2878 quae
1011 2793 1046 2857 in
1067 2793 1192 2858 fictitiis
1208 2793 1305 2878 plane

230 2905 430 2990 argumentis
464 2906 674 2991 personisque
706 2905 909 2988 versabatur,
944 2904 984 2970 de
1007 2905 1057 2969 his
1082 2903 1191 2989 aliqua
1212 2926 1304 2990 prae-

231 3017 368 3083 monitio
401 3019 577 3084 debebatur
610 3019 801 3102 spectatori,
826 3017 906 3083 talia
928 3017 994 3083 fare
1016 3018 1231 3103 complectens
1256 3016 1306 3081 uti
1404 3072 1407 3074 ,

231 3154 317 3197 nunc
351 3132 504 3217 leguntur
536 3131 571 3195 in
605 3131 727 3197 tabella
761 3131 850 3215 prelo
874 3151 1009 3213 excusa,
1037 3153 1119 3216 quae
1143 3131 1305 3195 theatrum

231 3244 429 3310 intrantibus
472 3243 578 3309 offerri
619 3244 709 3308 solet.
754 3243 927 3328 Euripides
959 3251 1087 3327 autern,
1126 3263 1214 3308 more
1247 3263 1306 3308 suo

232 3356 376 3422 medium
399 3358 560 3443 quendam
583 3379 713 3423 cursum
737 3363 862 3441 tenens,
886 3357 993 3422 multa
1014 3358 1145 3442 prorsus
1169 3379 1253 3422 nova
1272 3362 1305 3422 ct

233 3494 252 3535 a
286 3493 320 3536 sc
352 3471 428 3536 ficta
460 3471 598 3537 inseruit
632 3471 775 3557 antiquis
810 3471 975 3555 historiis,
1004 3472 1051 3536 ita
1073 3478 1111 3536 ut
1133 3491 1303 3556 personae,

233 3605 313 3669 quas
346 3584 438 3650 ducit
470 3585 505 3649 in
543 3605 683 3668 scenam,
723 3584 887 3650 interdum
926 3583 1010 3648 nihil
1038 3589 1164 3668 praeter
1185 3603 1304 3648 nomen

233 3719 251 3760 e
286 3697 414 3761 traditis
450 3696 688 3762 narrationibus
724 3697 930 3763 servaverint.
972 3696 1060 3761 Haec
1093 3694 1210 3780 igitur,
1240 3696 1305 3760 nisi

267 3881 276 3912 ¹
293 3883 445 3941 Mommsen,
469 3883 543 3936 acm.
568 3881 670 3936 (iesch.i
691 3887 718 3942 Ι,
734 3901 791 3949 pag.
807 3887 868 3937 908:
894 3883 960 3934 “Dic
975 3881 1114 3932 liederliche
1130 3881 1234 3940 Marica
1257 3883 1305 3930 den

122 4035 125 4040 Δ
234 3971 353 4022 “Knotcu
370 3972 450 4020 durch
465 3973 514 4023 den
531 3974 624 4037 Prolog
641 3990 671 4022 nu
689 3973 808 4023 schiirzen
823 3975 874 4022 und
891 3972 967 4022 durch
983 3971 1038 4020 eine
1049 3969 1305 4034 Gettarerscheinung
1340 4005 1343 4014 r

234 4062 309 4110 “oder
334 4061 390 4110 eine
418 4061 530 4111 hhnliohc
554 4061 699 4126 Plumpheit
723 4078 754 4111 au
778 4063 859 4120 lbsen,
881 4061 923 4110 hat
938 4057 1008 4110 recht
1024 4058 1157 4122 cigentlich
1173 4057 1305 4121 Euripides

235 4149 437 4213 “uulgatissima''
1027 4155 1029 4158 '

267 4235 277 4268 ²
295 4238 450 4303 Schlegslins
468 4240 506 4300 (ὅο
520 4236 667 4304 Vorlesung
687 4240 748 4288 iiber
763 4240 840 4288 drcm.
858 4239 941 4287 Knust
957 4237 1007 4284 und
1023 4235 1092 4296 Iria),
1105 4235 1137 4284 G.
1146 4235 1305 4286 Hermannus

236 4326 322 4388 (prael.
346 4329 377 4376 ad
402 4327 476 4390 Soph.
502 4328 594 4378 Electr.
619 4343 676 4392 pag.
703 4327 751 4391 Χ),
772 4329 805 4377 Κ.
830 4327 860 4378 0.
877 4325 998 4376 Mulieres
1016 4323 1070 4386 (Gr.
1086 4324 1147 4372 Litc.
1163 4325 1247 4388 gesch.
1264 4325 1304 4385 11,

236 4429 260 4475 p.
280 4418 348 4482 150);
364 4417 452 4480 quibus
464 4417 634 4480 obloquentem
643 4417 787 4482 Pfluglrium
796 4416 831 4477 (in
841 4431 885 4464 sua
893 4414 1020 4478 Euripidis
1029 4413 1142 4472 editions,
1151 4428 1174 4477 p.
1184 4411 1304 4464 XXXVI

236 4505 413 4568 praelationis),
431 4521 478 4570 ego
496 4507 637 4569 intelligere
653 4521 701 4556 non
718 4506 793 4569 potui.

1130 4595 1168 4654 J*
