3284 5338
764 484 824 546 139

320 669 394 728 Eur.
415 667 525 754 ἔγωγε.

414 762 584 850 Αραθιημή
608 789 666 826 νυν
689 758 822 848 ἐλπίσῃς
844 763 880 826 τὸ
904 765 962 828 σὺν
985 766 1078 830 κακὸν

414 859 496 941 ἡμᾶς
517 852 655 942 ὑφέξειν·
679 855 729 922 καί
751 857 814 944 γὰρ
836 855 875 920 ἂν
897 856 1066 941 μαινοίμεθ’
1088 858 1138 924 ἄν·

294 953 403 1016 Versus
424 970 511 1032 quem
532 956 646 1029 spectet
666 951 808 1030 Agathou
828 956 874 1011 est
895 951 1055 1014 Alcestidie
1078 953 1330 1024 691;conl.Nub.

254 1067 296 1108 vs.
321 1050 410 1108 1415.

295 1214 378 1278 lbld.
399 1233 442 1274 vs.
467 1217 525 1274 198
546 1231 603 1293 sq.:

414 1312 472 1384 τὰς
494 1308 657 1398 ξυμφορὰς
678 1310 741 1396 γὰρ
763 1311 837 1396 οὐχὶ
860 1318 928 1385 τοῖς
949 1309 1165 1396 τεχνάσμασιν

396 1407 517 1492 ’φέρειν
540 1401 675 1474 δίκαιον,
697 1402 784 1468 ἀλλὰ
805 1412 874 1479 τοῖς
894 1401 1083 1486 παθήμασιν·

295 1498 364 1558 Sine
396 1498 487 1559 dubio
518 1497 589 1558 haec
621 1516 737 1576 quoque
757 1503 828 1557 eunt
850 1497 1020 1576 Euripidae.
1042 1497 1098 1558 Sed
1119 1497 1200 1558 unde
1217 1501 1332 1558 sumta?

254 1593 367 1657 Tacent
388 1593 508 1655 scholia.

295 1786 377 1850 lbltl.
398 1805 443 1846 vs.
465 1791 522 1848 272
545 1784 702 1863 Euripides
722 1785 765 1845 sic
785 1783 867 1862 juret
883 1783 1067 1845 Mnesilocho
1082 1804 1111 1845 se
1128 1785 1154 1845 ei
1176 1792 1334 1846 venturum

255 1880 364 1942 auxilio
385 1881 411 1942 si
432 1879 531 1943 adsint
552 1879 695 1958 pericula:

295 1978 369 2039 Eur·
418 1981 528 2062 ὄμνυμι
550 1981 659 2044 τοίνυν
682 1975 776 2066 αἰθέρ’
798 1977 918 2052 οίκησιν
941 1979 1031 2052 Διός·

294 2073 388 2133 Mace.
409 2077 440 2138 τί
460 2072 588 2158 μᾶλλον
609 2072 628 2148 ἢ
647 2074 704 2147 τὴν
723 2071 955 2160 Ἱπποκράτους
976 2068 1148 2145 ξυνοικίαν1

294 2168 368 2228 Eur·
417 2171 529 2251 ὄμνυμι
550 2172 659 2233 τοίνυν
681 2168 804 2242 πάντας
827 2163 927 2252 άρθην
948 2171 1023 2241 τοὺς
1045 2163 1147 2243 θεοάς·

295 2263 390 2322 Mtw&
410 2267 549 2347 μέμνησο
572 2266 680 2327 τοίνυν
701 2260 799 2333 ταῦθ’,
822 2265 869 2327 ὅτι
890 2264 909 2337 ἡ
931 2263 1014 2349 φρὴν
1036 2261 1172 2344 ὤμοσεν,

415 2359 434 2433 ἡ
455 2357 584 2443 γλῶττα
607 2353 633 2421 θ’
656 2357 712 2425 οὐκ
734 2357 878 2440 ὀμώμοκ’,
902 2353 968 2422 οὐδ’
991 2356 1111 2443 ὥρκωσ’
1133 2357 1204 2442 ἐγώ.

296 2451 431 2512 Primum
441 2451 546 2512 horum
552 2469 690 2511 versuum
700 2450 792 2511 schol.
801 2450 876 2512 dicit
886 2469 948 2511 esse
959 2469 994 2510 ex
1005 2449 1185 2529 Melanippo.
1198 2450 1333 2530 (Supplez

257 2547 408 2627 Sapiente‚
430 2565 446 2606 e
466 2546 578 2607 scholio
600 2545 677 2606 Rau.
689 2564 733 2606 vs.
746 2550 803 2607 100
819 2544 991 2618 emendato,
1009 2544 1070 2605 vid.
1081 2544 1224 2607 Valcken.
1237 2545 1333 2606 Diatr.

256 2661 323 2722 pag.
346 2643 408 2720 49).
429 2641 478 2702 Ad
498 2641 595 2702 locum
617 2640 769 2705 Ranurum
790 2639 947 2704 laudatum
968 2639 1101 2700 scholion
1122 2641 1165 2701 sic
1179 2641 1254 2702 citat
1264 2660 1335 2703 eun·
1356 2710 1359 2715 ,

257 2737 325 2798 dem
345 2755 463 2798 versum
484 2733 692 2814 Euripideum:

419 2835 531 2915 ὄμνυμι
552 2829 578 2916 θ’
600 2833 669 2918 ίρὸν
692 2828 795 2918 αἰθέρ’,
818 2830 939 2907 οἴκησιν
962 2832 1051 2905 Διός.

332 2955 335 2960 -
987 2925 1100 2988 (Fragm.
1117 2926 1161 2975 491
1182 2925 1270 2990 Diod.)

259 3007 297 3070 In
317 3005 432 3066 ultimis
452 3005 609 3083 respicitur
629 3009 718 3065 notus
738 3003 789 3063 ille
811 3001 970 3082 Hippolyti
990 3003 1072 3064 locus
1095 3023 1136 3064 vs.
1160 3009 1227 3065 612.

301 3200 383 3266 ibid.
404 3219 448 3260 ve.
470 3203 527 3260 401
551 3178 628 3279 Βρεμι

795 3295 852 3363 κᾶν
873 3292 996 3382 ἐκβάλῃ
1017 3294 1139 3370 (mulier
1158 3296 1315 3378 nimirum)

420 3393 532 3475 σκεῦός
554 3418 581 3455 τι
604 3391 678 3455 κατὰ
701 3391 759 3465 τὴν
781 3392 881 3456 οἰκίαν
904 3388 1108 3473 πλανωμένη,
1134 3451 1136 3458 ,

421 3487 500 3573 ἁνὴρ
523 3488 636 3572 ἐρωτᾷ·
661 3489 726 3571 “roi
748 3487 893 3572 κατέαγεν
914 3486 933 3560 ἡ
955 3486 1069 3573 χάτρα;

422 3583 499 3648 “cdx
521 3578 585 3645 ’ἔσθ’
609 3584 697 3658 ὅπως
716 3581 753 3645 οὐ
775 3585 819 3667 τῷ
842 3577 1000 3667 Κορινθίῳ
1022 3577 1130 3668 ξένῳ·”

301 3673 460 3734 Deridetnr
496 3674 577 3735 locus
611 3673 805 3753 Euripideus,
841 3694 929 3754 quem
959 3674 1089 3735 breviter
1118 3677 1269 3755 explicabo
1301 3697 1336 3738 ex

261 3769 407 3832 Athenaei
423 3768 453 3830 X
468 3787 536 3847 pag.
554 3773 612 3830 427
628 3788 658 3842 e,
676 3769 728 3828 ubi
745 3769 801 3830 hoe
820 3770 930 3829 citatur
946 3788 962 3829 e
978 3769 1162 3832 Stheneboea
1175 3771 1335 3833 distichon:

420 3867 519 3930 πεσὸν
539 3863 570 3932 δέ
594 3893 643 3930 νιν
665 3864 799 3941 λέληθεν
821 3863 913 3932 οὐδὲν
935 3868 966 3932 ἐκ
987 3869 1099 3953 χερός,

422 3959 495 4024 ἀλλ’
517 3957 608 4036 εὐθὺς
631 3957 722 4046 αὐδᾷ·
748 3965 811 4045 “rufi
835 3958 993 4046 Κορινθίῳ
1014 3958 1122 4047 Edem?

302 4054 421 4114 Scilicet
454 4072 518 4114 moe
549 4059 612 4114 erat
642 4060 677 4113 ut
697 4053 825 4115 frustula
846 4072 921 4132 quac
952 4073 1091 4115 amensa
1111 4055 1278 4118 deciderent
1304 4061 1336 4120 in

262 4156 385 4223 terram,
409 4150 535 4210 mortuis
556 4149 659 4210 amicis
680 4168 710 4209 se
732 4149 862 4210 tribuere
873 4148 1006 4210 dicerent
1018 4151 1232 4214 accumbentes.
1256 4153 1336 4215 Hinc

263 4245 458 4318 Stheneboea,
480 4245 658 4315 exstinctum
679 4251 789 4324 putans
818 4243 1090 4324 Bellerophontem,
1112 4266 1201 4326 quem
1222 4249 1259 4308 ad
1284 4249 1337 4310 Jo-

262 4437 339 4497 mice
359 4436 476 4498 coderet
496 4436 649 4510 inscium,
672 4454 735 4496 eam
751 4453 781 4496 se
793 4433 949 4495 Corinthio
960 4435 1071 4526 hospiti
1083 4437 1337 4520 (Bellerophonti)

189 4581 194 4589 .
262 4531 330 4593 dare
352 4531 516 4610 inquiebat.
