3284 5338
805 418 867 482 108

421 601 560 668 asellum
583 600 747 677 Μιλήτου,
770 605 914 688 Καρικῶν
935 599 1139 684 αὐλημάτων,

421 707 563 794 θρήνων,
585 709 735 794 χορείων·
756 707 841 793 τάχα
861 702 893 770 δὲ
915 702 1138 782 δηλωθήσεται.

420 813 573 896 ἐνεγκάτω
593 837 642 885 τις
662 812 698 875 τὸ
718 809 841 896 λύριον.
863 813 961 875 καίτοι
981 815 1012 874 τί
1032 807 1077 877 δεῖ

421 913 523 1001 λύρας
543 912 593 978 ἐπὶ
613 919 744 986 τοῦτον;
766 921 828 979 τοῦ
849 913 930 978 ’στιν
952 915 972 988 ἡ
992 923 1061 988 τοῖς
1082 917 1249 999 ὀστράκοις

422 1019 499 1094 αὕτη
520 1025 692 1110 tmuium
715 1015 808 1106 δεῦρο
831 1017 934 1084 Μοῦο’
955 1016 1143 1105 Εὐριπίδου,

421 1124 503 1210 πρὸς
523 1121 621 1208 ἥνπερ
643 1119 793 1196 ἐπιτήδεια
812 1122 897 1187 ταῦτ’
918 1120 1003 1208 ᾄδειν
1022 1122 1101 1202 μέλη
1113 1124 1135 1180 ¹·

348 1227 418 1293 Hoc
454 1227 556 1313 igitur
587 1233 682 1292 utens
724 1227 962 1310 instrumento,
999 1227 1119 1313 quippe
1154 1226 1241 1313 quod
1271 1227 1377 1313 magis

301 1340 421 1406 faceret
450 1339 492 1404 ad
524 1339 669 1404 carmina
700 1338 878 1425 Euripiden
899 1361 996 1425 qnam
1023 1339 1094 1423 lyra
1118 1345 1267 1422 austera,
1296 1361 1378 1425 quaa

302 1451 502 1538 designavit.
517 1450 599 1516 vitia
625 1457 846 1536 repraesentat
880 1451 914 1516 in
947 1451 1084 1516 ridicula
1103 1451 1292 1536 cantilena,
1315 1473 1379 1538 qua

302 1564 477 1630 adversarii
494 1563 572 1646 μέλη
591 1563 740 1630 imitatur
748 1572 771 1629 ⁹.
798 1564 888 1644 Quae
900 1564 947 1629 ibi
958 1563 1178 1649 exploduntur
1193 1564 1271 1629 haec
1282 1570 1376 1629 sunt:

303 1675 456 1742 dictionis
491 1676 638 1762 quaesita
670 1669 875 1758 sublimitas,
917 1698 981 1762 qua
1015 1697 1065 1742 res
1098 1676 1250 1762 vulgares
1283 1697 1378 1761 saepe

304 1789 429 1856 tumide
448 1795 481 1854 et
504 1789 638 1855 obscure
658 1789 875 1855 enunciantur
899 1789 956 1874 (de
979 1811 1045 1874 qua
1067 1809 1122 1871 re,
1143 1787 1177 1854 in
1202 1788 1263 1854 IV⁰
1281 1789 1378 1874 hujus

304 1901 492 1988 speciminis
522 1901 637 1987 Capite
663 1901 734 1987 jam
755 1908 894 1968 tractata
913 1923 988 1986 pag.
1017 1905 1059 1966 54
1085 1923 1154 1988 sqq.
1166 1950 1175 1986 ,
1201 1923 1288 1967 nunc
1312 1924 1379 1968 non

304 2037 386 2102 opus
417 2023 468 2082 est
498 2015 615 2082 iterum
637 2016 780 2101 dicero),
810 2023 845 2080 et
866 2036 1075 2080 numerorum
1096 2016 1200 2080 nimia
1222 2016 1378 2098 varietas,

303 2129 409 2216 magis
439 2128 634 2196 effeminatis
667 2128 719 2194 vel
756 2128 946 2194 meretriciis
981 2150 1078 2215 quam
1112 2131 1211 2194 castis
1246 2129 1378 2195 auribus

304 2245 418 2330 apts³.
449 2243 619 2308 Praeterea
639 2242 865 2328 improbantur
887 2263 990 2308 novae
1015 2241 1158 2307 musicae
1182 2241 1378 2307 modulatio-

305 2381 376 2442 nes,
398 2357 507 2443 plures
531 2375 627 2422 sonos
654 2353 849 2420 conferentis
873 2354 907 2418 in
931 2375 1032 2419 unam
1054 2353 1214 2438 syllabam
1229 2358 1252 2419 ⁴.

350 2469 443 2550 Quod
465 2470 584 2534 attinet
609 2469 650 2532 ad
677 2467 798 2532 crimen
821 2488 1029 2532 numerorum
1053 2467 1113 2532 ivi
1140 2471 1176 2531 τὸ
1208 2464 1379 2549 δωδεκαμή-

306 2611 409 2672 χανον
438 2582 711 2666 compositorum,
743 2579 796 2644 hic
827 2579 894 2645 fere
925 2579 1037 2644 eadem
1069 2581 1175 2664 possis
1209 2581 1379 2646 observare

305 2718 387 2782 quse
421 2694 456 2760 iu
495 2693 628 2760 caeteris
663 2692 830 2777 Euripidis
868 2692 958 2757 vitiis
989 2693 1191 2778 explicandis
1225 2694 1378 2760 vidimus.

307 2809 439 2876 Scilicet
470 2809 505 2873 in
538 2817 643 2873 metro
678 2828 823 2893 quoqne,
861 2815 1007 2871 veterum
1041 2806 1152 2892 legum
1184 2806 1380 2892 impatiens,

253 3151 256 3158 Ι
339 3088 396 3137 ¹1n
420 3086 515 3136 ultimis
539 3085 652 3134 versibus
672 3083 800 3148 roepioitur
818 3083 886 3132 locus
902 3083 1052 3147 Euripideae
1068 3082 1222 3146 Hypsipyles
1239 3097 1287 3132 sse.
1304 3082 1382 3132 schol.

305 3176 472 3230 “conseratur
488 3174 572 3225 Photii
586 3174 655 3223 loeas
671 3188 727 3238 pag.
747 3175 807 3232 180,
826 3174 865 3232 lt,
881 3173 947 3222 nude
965 3171 1092 3235 probabile
1108 3171 1137 3220 fit
1153 3172 1312 3236 Hypsipylen
1328 3186 1382 3222 ero

304 3267 428 3316 ‘talorum
449 3279 522 3315 sonos
541 3278 598 3313 oum
615 3271 690 3315 cantu
708 3263 900 3327 conjungentem
918 3260 995 3310 fuisse
1011 3261 1201 3311 introductam'·
1226 3246 1383 3324 Wagnerui,

306 3355 349 3420 qui
364 3353 515 3406 Fritschium
531 3352 648 3417 sequitur.
664 3353 769 3404 Gentius
782 3351 922 3402 Nauekius:
940 3349 1089 3413 “Euripides
1100 3350 1159 3413 quid
1172 3349 1288 3399 dixerite
1298 3349 1383 3398 Photii

306 3448 360 3496 loco
376 3460 427 3494 non
442 3444 501 3493 satis
516 3443 643 3507 apparet.''
675 3444 788 3507 (uragu
804 3445 865 3493 Eur.
882 3442 932 3494 769
947 3441 1035 3503 Dind).

339 3534 351 3567 ²
366 3536 413 3585 Vs.
432 3536 495 3585 1³⁰9
511 3549 574 3597 sqq.;
590 3533 720 3582 videamur
737 3547 799 3596 quae
815 3534 846 3581 do
862 3530 910 3580 h'oe
925 3530 1020 3579 cantico
1036 3528 1102 3578 inira
1117 3511 1230 3576 dicentur
1251 3527 1277 3574 in
1298 3540 1383 3576 recen-

307 3627 375 3675 sione
392 3625 502 3673 locorum
519 3623 561 3672 ubi
576 3623 760 3686 Aristophanes
774 3622 919 3684 joculariter
935 3621 1081 3683 Euripidem
1098 3620 1208 3669 imitatus
1224 3626 1269 3667 est.

339 3713 425 3764 1Ἀνὰ
441 3715 470 3763 τὸ
487 3712 698 3776 δωδεκαμήχανον
715 3694 834 3777 Κυρήνης
849 3712 992 3775 μελοποιῶν
1003 3724 1039 3759 ts.
1059 3710 1130 3758 1328.
1146 3707 1288 3757 Vidsehol.
1300 3706 1383 3757 Simul

307 3804 349 3852 hic
365 3801 529 3865 Euripideum
546 3815 578 3850 ex
593 3802 735 3866 Hypsipyle
751 3816 853 3850 versum
868 3799 980 3848 imitatur
996 3798 1147 3862 Aeschylus.
1175 3798 1308 3847 Praetsrea
1318 3795 1384 3845 conf.

307 3907 344 3942 vs.
363 3892 433 3951 lssoe,
450 3890 493 3939 ubi
507 3899 580 3954 poeta
596 3893 732 3954 procaciter
748 3891 828 3940 innuit
846 3889 975 3952 Euripidis
991 3889 1091 3938 Musam
1107 3886 1289 3951 αι’σχροποιεῖν.

341 3982 410 4044 Quae
426 3983 452 4029 in
469 3980 611 4043 Agauonis
628 3980 758 4030 mollitiem
774 3978 909 4042 asperrime
925 3977 1040 4026 dicuntur
1056 3976 1127 4025 initio
1143 3975 1383 4037 Thesmophoriaau·

309 4087 400 4129 sarum,
416 4071 465 4120 huc
481 4071 556 4120 otiam
572 4071 705 4134 pertinent.
726 4071 793 4119 Num
809 4070 852 4118 ille
868 4075 941 4130 poeta
956 4067 1067 4130 tragicus
1083 4064 1223 4114 simillimus
1240 4072 1295 4113 erat
1309 4065 1383 4113 Euri-

307 4163 385 4226 pidis,
405 4176 484 4225 neque
504 4161 578 4210 aliam
599 4161 626 4209 iu
648 4160 766 4210 dramatis
783 4158 900 4208 faciendis
915 4158 982 4206 viam
999 4157 1082 4207 inibat.
1115 4153 1264 4218 Thesmoph.
1281 4169 1318 4202 vs.
1336 4156 1384 4205 1⁸7

309 4251 441 4314 Euripides
457 4250 488 4301 de
504 4265 534 4300 eo
551 4252 620 4302 dicit:

599 4347 678 4404 μόνος
695 4343 743 4404 γὰρ
760 4340 793 4386 ἂν
810 4339 904 4394 λέέειας
921 4337 998 4394 ἀξίως
1015 4336 1083 4400 ἐμοῦ.

342 4430 353 4461 ⁴
369 4426 414 4476 Ad
429 4426 492 4475 bane
508 4429 643 4477 novitatem
660 4429 787 4476 ridendam
805 4425 1004 4491 conglutinatum
1022 4433 1059 4474 est
1078 4424 1138 4473 illud
1160 4429 1296 4472 monstrum
1313 4433 1385 4468 roca-

311 4517 376 4567 buli:
393 4514 628 4575 εἱειιιειιιειλίσαετε,
646 4531 683 4565 vs.
703 4517 778 4572 tutu
794 4515 826 4564 cf.
843 4517 918 4565 etiam
935 4529 972 4564 vs.
992 4514 1062 4563 tata.
