3258 5328
828 431 869 492 24

316 613 524 698 potissimum
555 615 651 681 debet
683 614 852 680 ostendere
889 613 1068 678 infortunia
1105 613 1244 678 virorum
1284 634 1388 697 neque

318 747 449 810 prorsus
473 727 645 810 malorum,
670 726 703 791 id
727 727 813 792 enim
839 748 897 792 nee
913 723 1155 790 miserationem
1168 746 1226 790 neo
1239 723 1386 789 timorem
1436 781 1439 788 .

317 845 470 922 moveret,
504 862 608 926 neque
632 861 762 926 prorsus
786 840 943 905 bonorum
977 839 1159 922 (ἐπιεικῶν),
1193 837 1278 902 istuc
1301 835 1389 902 enim

317 951 470 1018 horribile
513 954 657 1040 (μιαρὸν)
693 959 787 1017 esset.
837 952 1029 1017 Miseremur
1059 960 1167 1016 autem
1203 953 1388 1030 insontium,

316 1065 470 1131 timemus
505 1086 604 1151 quum
638 1063 811 1130 consimiles
841 1067 942 1130 nostri
971 1063 1059 1129 duris
1091 1063 1219 1128 casibus
1243 1061 1390 1126 videmus

318 1180 456 1245 exerceri
475 1179 493 1244 ¹.
536 1179 655 1244 Exitus
679 1177 808 1243 fabulae
831 1182 901 1243 esto
925 1176 1058 1259 infelix,
1084 1199 1148 1242 nou
1172 1182 1302 1262 propter
1317 1197 1389 1260 per-

319 1290 507 1358 versitatem
531 1292 589 1357 scd
610 1299 742 1376 propter
765 1311 919 1376 magnam
943 1288 1107 1375 quandam
1129 1289 1258 1374 culpam
1276 1295 1298 1353 θ.

364 1403 402 1466 ln
436 1403 487 1468 his
518 1425 600 1489 quae
634 1404 806 1468 numinum
837 1402 994 1468 habeatur
1025 1399 1107 1466 ratio
1131 1422 1195 1470 non
1219 1401 1392 1466 obscumm

320 1526 378 1581 est.
406 1517 574 1582 Miseratio
598 1517 699 1582 oritur
723 1537 822 1602 quum
847 1515 994 1580 videmus
1017 1514 1164 1579 hominos
1191 1514 1304 1598 bonos,
1323 1535 1392 1578 ma-

318 1633 417 1713 giros,
458 1627 637 1694 laudabiles
673 1627 916 1693 calamitatibus
952 1628 1053 1692 obrui.
1103 1627 1137 1693 Si
1162 1635 1270 1694 autem
1295 1627 1392 1712 plane

320 1741 450 1805 innocui
474 1746 584 1806 essent
606 1747 640 1806 et
663 1742 785 1826 absque
807 1740 897 1806 omni
921 1760 980 1805 sua
1002 1741 1098 1828 culpa
1122 1748 1190 1806 tam
1205 1740 1312 1806 tristia
1324 1739 1394 1806 fata

320 1860 519 1938 paterentur,
555 1871 816 1920 succenseremus
847 1853 911 1918 diis
945 1859 1003 1918 aut
1035 1854 1143 1919 nullos
1179 1876 1250 1920 esse
1281 1866 1395 1938 putare

323 1966 586 2033 sollicitaremur:
626 1973 797 2052 propterea
837 1967 948 2032 heroes
993 1966 1060 2031 sint
1093 1967 1203 2053 aliqua
1231 1990 1270 2033 ex
1304 1976 1395 2053 parte

323 2088 441 2146 sontes.
487 2082 586 2147 Porro
617 2081 820 2146 recordemur
851 2101 980 2146 necesse
1003 2087 1067 2163 est,
1092 2080 1204 2146 eadem
1231 2082 1279 2146 vel
1305 2080 1396 2147 simi-

326 2196 372 2260 lia
401 2193 582 2262 infortunia
612 2195 706 2260 nobis
731 2216 858 2281 quoque
880 2215 976 2279 posse
999 2194 1160 2273 accidere,
1185 2217 1259 2261 cum
1283 2202 1316 2261 et
1334 2196 1397 2280 ipsi

326 2308 429 2373 simus
459 2309 623 2391 homines,
656 2328 794 2392 cumque
817 2307 1006 2392 praesertim
1031 2329 1126 2373 nemo
1149 2307 1190 2372 ab
1214 2307 1302 2373 omni
1326 2307 1398 2372 labe

329 2443 363 2486 se
396 2441 512 2506 purum
547 2420 636 2484 sciat
687 2419 817 2486 Similes
850 2419 952 2506 igitur
975 2421 1098 2504 nostri,
1127 2421 1189 2488 etsi
1213 2422 1305 2487 nobis
1328 2401 1397 2486 ma-

323 2536 430 2620 jores,
463 2533 541 2599 dum
578 2534 610 2598 in
646 2555 742 2600 scena
774 2533 922 2599 videmus
955 2535 1050 2600 malis
1083 2535 1202 2620 affligi,
1240 2537 1398 2601 sentimus

327 2653 454 2714 mutato
486 2647 617 2712 nomine
648 2647 687 2712 de
715 2646 807 2712 nobis
832 2648 1070 2733 quodammodo
1095 2649 1216 2733 narrari
1240 2649 1397 2728 fabulam3

329 2761 453 2826 timor⁸
477 2761 637 2826 excitatur
660 2783 700 2826 ne
724 2760 835 2826 eadem
859 2783 941 2848 quae
965 2761 999 2826 in
1024 2763 1116 2844 illos,
1141 2763 1174 2827 in
1199 2785 1258 2828 nos
1273 2785 1400 2850 quoque

329 2874 475 2939 saeviant
507 2875 658 2951 numina;
683 2896 781 2960 quam
805 2875 916 2960 exigui
939 2875 1041 2941 simus
1066 2876 1241 2959 discimus,
1266 2900 1286 2941 a
1310 2878 1400 2943 theo-

328 2988 455 3054 machia
487 2987 700 3070 deterremur,
726 2997 763 3054 ut
786 2989 867 3053 vitia
890 2995 1002 3055 nostra
1024 2991 1222 3076 corrigamus
1246 2992 1400 3056 admone·

329 3122 413 3184 mur,
438 3109 470 3167 et
494 3101 540 3167 sic
563 3102 604 3167 ad
627 3102 798 3167 hominum
821 3103 1080 3169 emendationem
1101 3104 1242 3169 multum
1260 3105 1402 3171 conferre

329 3237 424 3300 posse
446 3219 664 3303 tragoediam,
691 3219 814 3305 liquido
837 3225 937 3304 patet.

376 3329 440 3396 Sed
472 3331 499 3395 si
530 3333 665 3396 numina
695 3333 809 3413 tollas,
840 3334 873 3404 ¹si
899 3333 1044 3418 Olympii
1068 3335 1101 3398 in
1127 3335 1230 3400 nubes
1254 3344 1286 3399 et
1309 3355 1402 3398 avuras

332 3449 528 3508 evanescant
555 3443 605 3508 vel
629 3444 670 3508 ad
694 3465 797 3510 meras
820 3445 969 3511 notiones
990 3445 1231 3532 philosophicas
1254 3446 1403 3532 redigan-

333 3562 396 3637 tur,
436 3577 540 3644 neque
568 3556 637 3642 jam
668 3580 766 3643 supra
799 3558 947 3625 homines
980 3567 1069 3626 extet
1104 3569 1248 3647 potestas
1280 3569 1405 3646 praeter

333 3690 459 3736 caecam
482 3670 646 3736 fortunam
673 3672 722 3737 vel
747 3671 882 3737 ferream
909 3675 1153 3758 necessitatem,
1176 3676 1210 3740 in
1233 3675 1404 3760 propatulo

367 3953 375 3984 ¹
409 3954 483 4004 Poet.
497 3956 536 4004 13:
554 3954 567 4004 ὁ
576 3957 622 4020 μὲν
630 3957 679 4021 γὰρ
689 3956 766 4018 (ἕλεος
775 3956 903 4019 nimirum)
913 3957 969 4020 arpi
980 3959 1026 4006 τὸν
1034 3959 1139 4014 ἀνάξιόν
1148 3960 1216 4009 ἐστιν
1225 3960 1407 4028 δυστυχοῦντα,

333 4042 386 4091 ὅδὲ
405 4044 505 4108 (nempe
522 4043 614 4108 φόβος)
633 4046 686 4109 περὶ
704 4048 752 4096 τὸν
769 4046 864 4109 ὅμοιον.
983 4039 992 4054 ⁸

366 4130 377 4162 ²
409 4132 474 4182 Ibid.
492 4134 527 4196 μὴ
545 4133 585 4183 διὰ
602 4133 744 4199 μοχθηρίαν
761 4134 830 4182 ἀλλὰ
847 4133 876 4184 δι’
895 4134 1024 4200 ἁμαρτίαν
1040 4139 1159 4202 μεγάλην,

366 4220 376 4248 ³
409 4220 473 4272 Cum
500 4225 590 4271 tunore
616 4222 705 4286 (arear)
730 4238 781 4272 non
805 4223 994 4274 confundendus
1020 4234 1057 4273 est
1083 4232 1168 4274 terror
1189 4227 1310 4290 (acdril);
1328 4237 1408 4276 terror

334 4309 401 4357 euim
416 4325 468 4360 non
485 4312 598 4360 diversus
615 4319 653 4362 est
669 4328 684 4361 a
700 4313 870 4363 misericordia
886 4329 960 4378 quam
977 4329 1038 4378 erga
1055 4314 1116 4363 alios
1132 4316 1260 4375 sentimus,
1277 4317 1304 4365 in
1322 4317 1410 4366 timore

335 4414 396 4448 vero
421 4414 465 4449 nos
489 4402 556 4464 ipsos
581 4403 737 4465 respicimus,
763 4412 791 4452 ut
808 4403 936 4452 verissime
953 4404 1094 4466 expositum
1112 4420 1126 4452 a
1143 4405 1274 4468 Lessiugio
1290 4406 1318 4454 in
1335 4421 1410 4469 opero

337 4490 411 4539 modo
427 4489 534 4540 laudato.
