3284 5338
819 487 881 549 138

308 671 384 730 1111
411 686 446 728 er
472 665 610 746 Sapiente
640 667 812 748 Melanippe
832 675 950 730 sumtus
970 674 1016 728 est
1037 667 1142 743 (Dind.
1164 669 1270 746 fragm.
1291 668 1381 745 487),

303 771 335 824 et
354 783 390 824 ex
411 761 577 824 Erechtheo
598 781 640 824 rs.
664 765 756 836 1111,
777 764 857 844 qnod
878 769 1068 824 tamencum
1089 762 1227 824 Nauclrio
1247 763 1383 842 (Eragm.

304 862 363 920 361
386 859 490 938 Dind)
510 858 620 920 rectius
640 859 749 920 referas
769 860 807 920 sd
828 879 871 921 vs.
895 863 982 921 1135.

344 953 420 1014 Vere
449 952 487 1013 ad
506 952 707 1030 fragmentum
725 951 910 1033 Melanippes
929 953 1033 1014 scribit
1053 952 1230 1032 Wagnerus:
1265 951 1382 1012 “Schol.

305 1047 365 1110 “ad
390 1067 433 1110 VS·
455 1051 532 1124 αὐτὴ
552 1081 592 1093 -
614 1047 678 1134 ἔχω
699 1053 836 1108 annotat:
857 1053 875 1114 ὁ
897 1052 1011 1137 στίχος
1031 1051 1063 1114 ἐκ
1090 1058 1192 1133 σοφῆς
1220 1047 1382 1113 Μελανίπ-

305 1148 386 1219 “unc
414 1138 595 1229 Εὐριπίδου.
638 1139 696 1202 Sed
724 1142 833 1222 reliqui
860 1161 977 1224 quoque
1002 1142 1196 1222 Euripidesm
1217 1142 1383 1202 orationem

305 1237 459 1316 “sopiunt,
485 1242 520 1297 ut
545 1255 610 1309 eos,
631 1236 715 1297 siah
736 1236 880 1316 Euripide
901 1257 962 1299 non
985 1239 1030 1298 ita
1050 1238 1175 1316 profecti
1196 1242 1281 1309 sunt,
1303 1238 1383 1297 certe

306 1333 458 1412 “proxime
485 1331 523 1392 ad
549 1330 776 1410 Euripideorum
798 1351 936 1394 versuum
957 1332 1125 1411 exemplum
1145 1331 1231 1392 fictos
1251 1349 1313 1391 esse
1335 1330 1383 1408 jn-

306 1427 485 1488 “dicaudum
506 1427 580 1488 sit.’'

198 1545 211 1582 ·.
345 1523 430 1584 Idem
447 1529 573 1584 annotat
597 1541 700 1584 versus
721 1520 932 1604 Ὀλυμπίασιν
952 1557 991 1566 -
1014 1527 1189 1609 περαίνεται
1204 1523 1383 1603 Euripideos

304 1618 398 1679 rideri
419 1617 513 1697 (quod
534 1618 626 1678 etiam
646 1623 746 1678 censet
768 1617 904 1678 Dindorf.
924 1617 1073 1679 inadnot.
1091 1617 1130 1678 ad
1142 1618 1264 1698 schol),
1286 1625 1316 1678 11
1337 1618 1382 1678 ul-

305 1714 413 1774 timum
444 1717 565 1792 “aperte
596 1711 734 1792 Euripidi
760 1712 908 1774 tributum
933 1731 994 1774 esse
1022 1732 1185 1792 agramm.
1207 1714 1239 1773 in
1259 1712 1382 1774 Bachm.

305 1807 416 1869 Anecd.
437 1807 488 1868 Gr.
510 1807 526 1868 I
547 1826 616 1886 peg.
640 1813 714 1880 191,
736 1811 805 1868 ‘rost’
846 1807 953 1882 (Dind.
975 1809 1081 1886 fragm.
1108 1810 1191 1886 365.)
1377 1827 1378 1830 ¹

344 1963 539 2042 mesmopn.
560 1980 603 2023 vs.
625 1967 676 2023 21:

464 2060 533 2123 οἷόν
553 2086 582 2122 rr
602 2085 664 2125 που
687 2062 766 2124 ’στὶν
788 2063 817 2123 αἱ
838 2057 933 2147 σοφαὶ
957 2057 1135 2132 Ευνουσίαι·

304 2152 441 2212 Imitatio
461 2151 568 2230 tragici
588 2171 701 2212 versus:

465 2255 560 2334 σοφοὶ
584 2251 734 2336 τύραννοι
755 2253 819 2314 τῶν
841 2253 951 2336 σοφῶν
973 2247 1141 2334 ξυνουσίᾳ,

304 2360 392 2422 quem
412 2342 514 2414 multi,
535 2349 566 2404 et
586 2342 665 2402 inter
685 2361 734 2403 eos
756 2342 859 2416 Plato,
877 2342 1015 2422 Euripidi
1029 2343 1208 2416 tribuerunt,
1223 2343 1384 2405 scholiasta

305 2443 419 2509 tamen,
447 2443 478 2497 et
508 2443 586 2498 recte
615 2442 650 2498 ut
681 2437 812 2510 videtur,
848 2439 1004 2499 contendit
1034 2456 1070 2498 ex
1105 2437 1259 2519 Sophoclis
1289 2438 1383 2517 Ajace

305 2531 399 2592 Locro
427 2531 560 2592 sumtum
591 2550 667 2603 esse;
698 2531 795 2606 addit,
817 2533 890 2594 satis
910 2532 1027 2612 jejune,
1049 2533 1115 2593 fieri
1134 2545 1219 2612 posse
1240 2539 1275 2594 ut
1296 2533 1383 2594 Euri-

304 2625 388 2704 pides
408 2624 535 2685 eundem
555 2644 672 2686 versum
692 2627 865 2705 protulerit,
888 2629 907 2703 ἢ
929 2628 987 2693 οὖν
1008 2626 1147 2704 ἐπίτηδες
1167 2631 1219 2694 iva
1239 2633 1383 2704 καὶτοὺς

304 2719 429 2795 ἄλλους
460 2718 653 2805 ἐξαπατήσῃ,
686 2722 704 2797 ἢ
736 2726 951 2804 ἀυνέμπτωσις
980 2722 1137 2810 Σοφοκλεῖ
1158 2729 1206 2789 καὶ
1229 2720 1383 2811 Εὐριπίδῃ

305 2819 434 2902 ἐγένετο.
456 2849 496 2858 -
528 2815 626 2894 Plagii
647 2815 821 2895 Euripidem
843 2816 880 2877 ab
901 2816 1100 2896 Aristophane
1122 2818 1242 2897 oblique
1262 2818 1384 2897 coargui

304 2911 367 2990 jam
387 2910 449 2970 dixi
470 2929 597 2971 menon
618 2911 734 2971 credere
755 2912 787 2971 in
809 2917 909 2972 annot.
932 2918 950 2972 2
972 2931 1039 2990 pag.
1062 2917 1110 2973 56.

960 3008 1072 3071 (fragm.
1088 3008 1165 3072 Soph.
1185 3009 1215 3058 12
1231 3007 1319 3069 Diod.)

348 3149 429 3212 lbld.
458 3168 500 3210 vs.
524 3153 582 3210 120
602 3150 635 3209 in
656 3150 825 3229 Agathonis
844 3150 961 3210 cantico
982 3153 1140 3238 κρούματα
1161 3145 1293 3224 ἆσιάδος
1316 3149 1384 3228 (pr0

305 3273 352 3332 ap·
369 3242 514 3330 κιθάρας)
530 3244 567 3304 ab
584 3243 784 3324 Aristophane
797 3245 892 3325 petito
907 3250 978 3305 sunt
994 3263 1029 3303 en
1039 3244 1193 3323 Euripidis
1207 3244 1383 3306 Erechtheo.

835 3359 837 3363 ·
953 3339 1067 3402 (Eragm.
1085 3340 1147 3389 Eur.
1164 3338 1210 3389 ³71
1229 3339 1318 3401 Diod)

348 3478 430 3543 ltro.
452 3497 495 3538 vs.
520 3486 575 3540 177
598 3497 642 3558 sq.
665 3477 823 3558 Euripides
843 3479 886 3538 sic
906 3477 1069 3556 alloquitur
1089 3479 1292 3558 Agathonem:

469 3572 630 3659 Ἀγάθων,
652 3579 754 3659 σοφοῦ
776 3576 859 3661 πρὸς
881 3569 1000 3659 ἀνδρός
1008 3618 1018 3649 ,
1040 3578 1128 3650 ὅστις
1154 3578 1187 3641 ἐν
1205 3573 1324 3663 βραχεῖ

467 3667 614 3742 πολλοὺς
636 3668 743 3743 καλῶς
765 3669 834 3742 οἷός
856 3696 887 3732 τε
910 3671 1088 3752 συντέμνειν
1109 3669 1242 3756 λόγους·

349 3761 394 3821 Ea
415 3761 567 3839 Euripidis
587 3761 694 3835 Aeolo,
716 3761 769 3822 ubi
790 3763 833 3821 ita
853 3761 1018 3840 legebatur:

469 3852 589 3930 παῖδες,
612 3865 714 3941 σοφοῦ
735 3859 819 3943 πρὸς
841 3852 976 3943 ἀνδρός,
999 3861 1088 3932 ὅστις
1109 3862 1142 3923 ἐν
1162 3856 1279 3946 βραχεῖ

468 3949 615 4025 πολλοὺς
636 3948 760 4036 λόγους
782 3951 851 4024 οἶός
871 3977 903 4015 τε
925 3955 1102 4034 συντέμνειν
1127 3952 1242 4028 καλῶς·

707 4037 711 4050 “
987 4077 989 4082 -
1048 4047 1163 4110 (rregm.
1179 4049 1213 4096 as
1230 4047 1319 4109 111.)

351 4133 433 4198 lhid.
456 4152 498 4194 vs.
524 4139 579 4194 193
601 4151 669 4212 sqq:

342 4229 448 4304 1191111.
472 4226 633 4317 Εὐριπίδη.

551 4324 625 4384 Eur.
646 4328 677 4388 ri
701 4324 798 4399 ἔστιν5

711 4445 818 4520 Apelt.
840 4448 991 4522 ἐποίησάς
1012 4475 1087 4514 ποτε
1134 4451 1142 4464 ’

471 4542 613 4624 (ὄχαίρεις
636 4541 720 4624 ὁρῶν
743 4544 828 4624 φῶς,
849 4543 964 4628 πατέρα
988 4539 1013 4607 δ’
1035 4546 1073 4607 οὐ
1091 4546 1214 4629 χαίρειν
1234 4541 1371 4618 ὃοκεὶς;”
