3258 5328
750 487 752 492 ’
843 463 863 523 8

312 647 368 713 sed
401 646 542 711 indicare
573 645 672 710 etiam
706 644 809 710 solcas
841 667 911 709 eam
939 649 1059 710 rectem
1085 645 1265 710 studiorum
1290 646 1386 710 ratio-

311 783 401 844 nem,
424 759 521 847 quain
544 760 613 843 ipse
633 757 830 842 jamdudum
854 759 995 844 sequeris
1017 759 1248 844 plaudentibus
1272 765 1305 824 et
1329 759 1386 823 ad-

311 873 505 939 mirantibus
530 871 681 937 omnibus
706 871 850 937 eruditis.

357 988 488 1072 Optime
518 1007 644 1071 quoque
676 986 715 1050 de
739 1008 791 1050 me
815 986 933 1050 meruit
959 985 1133 1051 Academia
1158 986 1386 1070 Groningana,

311 1123 392 1186 quac
417 1100 539 1184 coeptis
573 1099 654 1163 meis
688 1085 807 1164 blande
831 1099 955 1181 arrisit,
980 1107 1013 1163 et
1034 1119 1154 1183 magno
1177 1119 1230 1162 me
1253 1097 1388 1184 dignata

311 1215 432 1278 honoro
451 1217 510 1276 est.
538 1211 643 1290 Quare
669 1232 733 1274 non
758 1233 831 1275 mea
846 1211 1073 1275 tantummodo
1089 1233 1186 1276 causa
1201 1232 1293 1297 spero
1305 1211 1388 1274 hanc

311 1325 573 1392 dissertationem
594 1362 639 1371 -
663 1345 741 1388 nam
764 1346 802 1390 ea
818 1325 890 1409 ipsa
907 1331 958 1390 est
973 1324 1107 1409 scriptio
1122 1346 1220 1412 quam
1233 1325 1387 1410 suffragio

311 1461 369 1504 suo
399 1437 549 1523 probavit
579 1475 623 1485 —-
650 1435 724 1502 aliis
749 1459 876 1523 quoque
889 1436 990 1502 0Viris
1014 1437 1138 1522 doctis,
1164 1440 1281 1524 quibus
1305 1438 1388 1503 forte

310 1552 345 1615 in
380 1572 497 1617 manus
532 1549 673 1632 venerit,
711 1571 776 1614 non
810 1550 1049 1636 displicituram
1081 1573 1159 1622 esse.
1216 1552 1386 1618 Caeterum

310 1685 479 1749 nunquam
514 1662 686 1728 obliviscar
717 1684 816 1748 quam
839 1663 1025 1730 humaniter
1059 1665 1247 1751 Groningae
1270 1665 1387 1730 fuerim

310 1780 463 1861 exceptus
493 1782 526 1841 et
556 1797 653 1861 quam
684 1776 838 1842 candidos
869 1777 937 1843 dies
961 1778 1007 1842 ibi
1030 1780 1251 1865 transegerim.
1301 1779 1388 1864 Ergo

305 1888 379 1972 jure
401 1888 581 1974 meritoque
605 1897 682 1955 vota
705 1888 789 1954 facio
813 1910 870 1973 pro
894 1888 989 1955 istius
1012 1891 1207 1958 Academiae
1231 1892 1336 1957 salute
1356 1902 1390 1956 et

310 2003 542 2088 prosperitate,
566 2002 842 2089 quemadmodum
863 2008 939 2068 ante
962 2003 1021 2069 hos
1043 2025 1163 2089 paucos
1187 2005 1256 2070 dies
1279 2005 1388 2070 exsul-

310 2115 389 2197 tavi,
407 2115 562 2182 discussis
582 2115 714 2180 tandem
730 2115 872 2181 nubibus
890 2137 970 2201 quas
990 2115 1019 2180 ei
1036 2116 1223 2203 impendere
1235 2118 1385 2183 sciebam.

311 2229 407 2295 Nunc
436 2235 509 2294 tuta
541 2249 561 2292 a
594 2226 757 2311 periculo,
791 2226 919 2293 utinam
950 2227 1066 2313 longos
1094 2229 1128 2293 in
1152 2251 1255 2295 annos
1277 2229 1386 2312 vivat,

310 2342 402 2408 utilis
430 2341 572 2428 patriae,
606 2340 731 2406 civibus
763 2362 850 2424 cara,
876 2346 909 2406 et
932 2340 996 2407 nisi
1020 2363 1141 2428 magna
1168 2343 1389 2409 studiosorum

311 2453 494 2536 affluentia,
524 2461 558 2519 at
586 2461 673 2520 certe
697 2454 920 2519 Professorum
940 2454 1123 2522 eruditione
1144 2463 1178 2522 et
1201 2456 1388 2522 celebritate

310 2567 422 2632 florere
447 2573 570 2652 pergat
1070 2555 1074 2564 ’

355 2680 384 2744 Ε
409 2680 573 2745 studiosae
590 2679 776 2763 juventutis
801 2680 970 2747 ordinibus
994 2703 1059 2747 non
1076 2683 1136 2748 hoc
1157 2683 1287 2749 demum
1304 2690 1387 2751 tem-

311 2815 387 2879 pore
417 2793 541 2880 migm,
572 2815 645 2859 oum
671 2793 727 2858 ille
752 2815 811 2880 ego
835 2783 891 2880 qui
918 2817 1021 2881 nuper
1044 2797 1129 2863 inter
1152 2798 1314 2865 discentes
1338 2821 1388 2865 se-

311 2910 428 2976 debam
461 2930 548 2974 nuno
576 2908 646 2992 jam
680 2929 739 2992 per
771 2908 896 2995 aliquot
927 2931 1055 2976 menses
1079 2911 1112 2975 in
1138 2911 1282 2978 docendo
1305 2912 1387 2978 vires

312 3044 400 3088 meas
430 3022 583 3108 experiar.
633 3022 704 3087 Hac
730 3029 840 3089 tamen
867 3031 941 3090 utor
973 3026 1216 3110 opportunitate
1237 3033 1276 3091 ut
1296 3026 1387 3092 vobis

312 3136 508 3219 valedicam,
533 3135 630 3201 amici
653 3125 858 3220 et‘sodales,
883 3160 1019 3223 quorum
1045 3139 1173 3204 dulcem
1198 3160 1288 3204 servo
1320 3160 1387 3202 me·

314 3270 386 3313 cum
405 3247 677 3327 recordationem,
693 3249 795 3315 vivite
810 3249 920 3330 felices
937 3273 1094 3316 memores
1112 3257 1144 3316 et
1159 3251 1259 3315 vivite
1274 3250 1385 3315 nostri.

443 3408 535 3473 Scripsi
552 3411 747 3460 Amstelaedami
765 3421 872 3461 exeunte

385 3513 469 3548 mense
487 3499 580 3548 Martio
598 3501 656 3548 anni
673 3499 922 3550 MDCCOLXXVI.
