3284 5338
818 453 879 515 124

309 634 471 700 interdum
513 641 547 700 et
588 655 625 699 es
665 633 812 700 laudavit
849 655 931 718 quae
970 631 1026 696 vix
1059 632 1297 717 vituperatione
1333 635 1384 700 vel

309 745 432 822 νοθείας
464 747 648 832 suspicione
683 751 812 812 exemte
845 745 1025 810 videantur.
1068 744 1160 810 Idem
1199 752 1308 812 tamen
1344 746 1385 811 de

309 860 545 946 Aristophane,
581 882 621 926 ex
656 881 759 944 aequo
790 865 824 924 et
854 879 948 940 vero,
978 857 1056 922 haee
1079 858 1228 943 scripsit:
1254 858 1384 924 “Nemo

310 974 523 1060 “Euripidem
564 974 670 1060 magis
714 981 829 1038 notum
862 971 978 1038 habuit
1011 971 1193 1057 meliusque
1222 969 1384 1055 judicavit

309 1089 431 1173 “quam
453 1087 533 1153 civis
557 1095 591 1154 et
612 1086 757 1173 aequalis
780 1085 850 1171 ejus
873 1084 1119 1170 Aristophanes.
1161 1085 1302 1171 Magnus
1325 1083 1383 1149 ille

308 1199 491 1282 “comicus,
524 1199 581 1284 qui
614 1219 680 1263 non
713 1195 822 1262 minus
855 1201 952 1281 poete
985 1202 1056 1262 erat
1082 1195 1259 1281 palmarius
1282 1217 1380 1281 quem

309 1312 460 1378 “subeoti
488 1311 537 1376 vir
566 1311 690 1397 ingenii
721 1317 755 1377 et
777 1331 870 1376 verae
894 1309 1074 1395 elegantiae
1098 1332 1196 1374 sensu
1218 1310 1380 1392 imbutus,

308 1427 400 1490 “tem
430 1424 558 1510 egregie
581 1423 708 1490 notavit
730 1423 859 1508 lapsum
883 1422 963 1489 artis
987 1422 1129 1508 tragicae
1152 1429 1186 1488 et
1207 1423 1288 1488 vitia
1311 1423 1380 1488 Eu-

310 1537 431 1622 “ripidi
458 1536 606 1622 propria,
636 1536 705 1621 ejus
728 1535 907 1602 sententias
939 1542 973 1602 et
995 1535 1211 1621 digressiones
1236 1535 1380 1620 philoso-

309 1649 466 1734 “phioss,
490 1649 559 1734 ejus
584 1649 749 1734 eloquium
767 1649 860 1734 justo
883 1649 1034 1732 mollins,
1057 1648 1127 1734 ejus
1151 1648 1296 1714 studium
1319 1669 1378 1712 eu-

310 1759 432 1847 “gendi
454 1761 582 1827 mendis
605 1763 764 1846 corporeis
788 1762 925 1848 aliisque
947 1762 1042 1828 rebus
1065 1761 1207 1827 externis
1228 1760 1379 1827 effectum

308 1874 515 1960 “tragicum‚
539 1874 619 1960 quin
631 1874 730 1940 etiam
742 1875 966 1941 effeminatum
978 1874 1125 1960 rhythmi
1139 1857 1208 1959 ejus
1221 1879 1377 1958 tenorem,

309 1989 522 2072 “praesertim
554 1989 589 2054 in
621 1988 742 2072 Bonis,
780 1995 818 2054 ut
844 1990 979 2055 dicteria
1002 1996 1121 2055 temere
1144 1989 1185 2054 ab
1208 2010 1245 2054 eo
1268 2009 1379 2073 sparse
1429 2057 1434 2068 ,

308 2101 562 2187 “dignissimam
592 2102 767 2187 praebeant
798 2102 966 2167 materiem
1003 2102 1043 2166 de
1075 2123 1139 2187 que
1173 2103 1250 2168 deta
1282 2124 1379 2188 opera

307 2215 513 2301 “inquiratur
535 2220 569 2280 et
591 2215 796 2300 disputetur”
814 2224 833 2278 ¹.
940 2203 941 2210 ἵ

351 2329 389 2392 In
413 2328 473 2395 hao
495 2333 605 2393 autem
629 2327 762 2392 materie
793 2328 962 2394 tractanda
984 2349 1037 2394 me
1060 2329 1210 2414 Euripidi
1233 2349 1297 2392 non
1318 2350 1376 2414 pe-

304 2441 444 2525 percisse
476 2441 597 2518 fateor3
629 2440 686 2506 sed
708 2461 764 2505 our
786 2440 868 2505 mihi
891 2462 956 2506 non
979 2441 1091 2507 liceret
1112 2441 1211 2506 libere
1234 2440 1377 2505 indicare

305 2575 512 2640 quaecunque
535 2555 569 2618 in
592 2553 797 2620 celeberrimo
820 2555 942 2640 tragico
965 2577 1030 2621 non
1054 2555 1180 2621 levibus
1203 2555 1244 2620 de
1269 2554 1376 2619 oausis

304 2666 466 2751 culpanda
487 2674 652 2751 putarem,
676 2667 771 2733 modo
786 2668 821 2733 id
839 2668 994 2747 facerem,
1018 2676 1057 2735 nt
1075 2669 1191 2735 fecisse
1206 2690 1258 2734 me
1271 2689 1376 2753 spero,

305 2779 375 2844 sine
408 2779 484 2844 felle
513 2786 546 2844 et
569 2779 639 2844 sine
661 2781 866 2865 arrogantie?
911 2781 997 2847 Falli
1018 2789 1128 2848 temen
1148 2781 1260 2868 potui,
1285 2787 1318 2846 et-
1340 2781 1376 2845 in

304 2892 530 2978 disquisitione
553 2899 621 2958 tum
645 2893 710 2958 late
732 2899 880 2978 petente,
905 2900 1017 2981 totque
1039 2901 1073 2961 et
1094 2902 1260 2962 tenturum
1279 2894 1377 2979 plena

302 3005 547 3089 difficultatum,
571 3005 715 3071 multum
737 3005 829 3072 abest
855 3012 893 3071 ut
914 3028 967 3073 me
990 3029 1123 3093 scopum
1147 3029 1272 3094 semper
1299 3007 1375 3073 teti-

302 3120 391 3206 gisse
420 3119 599 3186 confidam:
630 3141 728 3206 quare
750 3143 770 3186 a
792 3121 946 3187 benevolo
970 3121 1088 3188 lectore
1110 3127 1186 3207 peto
1207 3127 1240 3186 et
1265 3142 1320 3185 oro
1338 3125 1376 3184 ut

303 3232 439 3298 comiter
471 3233 620 3318 ignoscat
653 3234 734 3299 meis
772 3234 952 3319 erroribus,
986 3235 1102 3301 etheo
1128 3256 1210 3320 opus
1228 3233 1374 3319 juvenile

304 3345 558 3432 aequibonique
581 3347 737 3412 consulat.
1232 3331 1238 3344 ¹

336 3555 345 3588 ¹
362 3558 392 3606 L.
408 3558 424 3605 1,
442 3573 500 3621 pag.
519 3559 549 3608 19
565 3558 771 3610 Mnestheus.
