3258 5328
806 264 821 298 uf

689 451 803 536 ¹ae

137 635 147 654 ¹
237 607 243 620 .
281 638 354 704 Non
380 637 481 723 igitur
504 637 606 702 animi
630 634 762 721 quidam
787 635 930 719 impetus
956 633 1012 699 sed
1037 633 1156 700 callida
1178 634 1310 700 ratioci-

237 749 479 817 natandum
502 747 692 834 euripidem
717 755 754 813 ue
774 748 957 813 cosmum
970 747 1061 813 daret
1074 747 1107 812 in
1123 731 1307 834 rugosius.

238 863 304 929 Hic
334 883 409 928 vero
439 862 469 926 ei
490 860 609 927 accidit
631 861 718 946 quod
741 883 837 946 saepe
859 859 930 926 fieri
958 860 1107 927 videmus
1130 859 1311 949 quum‘per

238 977 348 1042 nisum
382 975 506 1061 aliquid
544 974 614 1040 loeo
653 995 781 1040 movere
815 995 986 1058 conamur,
1021 979 1059 1038 ut
1094 974 1149 1040 diu
1176 974 1310 1062 obstans

239 1089 359 1155 nostris
389 1087 531 1170 viribus,
556 1087 613 1154 ubi
637 1087 770 1153 tandem
794 1087 880 1153 cedit
899 1087 985 1153 ultre
1010 1109 1108 1174 quam
1132 1088 1212 1153 satis
1235 1110 1311 1173 pro·

240 1201 338 1267 siliet
377 1201 486 1267 Simili
507 1202 579 1287 lege
601 1201 725 1267 facium
750 1207 800 1266 est
822 1207 861 1266 ut
883 1199 1068 1285 Euripides,
1093 1221 1194 1286 quum
1211 1201 1311 1267 semel

241 1313 304 1378 sibi
324 1293 540 1400 persuasisset
563 1314 763 1398 tragoediam
789 1335 920 1399 poscere
943 1313 1020 1378 deos
1045 1313 1197 1379 humanis
1217 1314 1313 1379 rebus

242 1447 276 1491 se
299 1425 540 1509 immiscentes,
564 1427 599 1491 in
625 1427 666 1493 iis
689 1428 810 1492 utendo
834 1426 967 1492 modum
989 1425 1052 1492 sibi
1074 1448 1193 1511 ponere
1208 1428 1312 1493 nesei-

242 1541 343 1619 verit3
366 1540 478 1626 itaque
497 1541 576 1607 dum
601 1539 786 1624 Charybdin
808 1546 901 1606 caute
925 1539 1028 1604 vitare
1049 1539 1113 1605 sibi
1131 1539 1334 1623 videbatur,

242 1652 431 1738 imprudens
465 1653 499 1716 in
533 1652 676 1738 Scyllam
707 1652 839 1735 incidit,
876 1674 941 1718 non
967 1653 1077 1719 minus
1105 1654 1313 1720 metuendam

242 1767 372 1853 gurgite
395 1789 492 1854 quem
515 1767 653 1852 fugerat
702 1765 831 1830 Passim
853 1765 922 1851 ejus
944 1766 1075 1832 fabulae
1093 1775 1220 1838 scatent
1231 1767 1313 1845 diis;

245 1902 339 1965 saepe
367 1879 439 1966 jam
472 1880 592 1946 adsunt
629 1879 695 1944 ubi
724 1879 884 1964 premitur
921 1880 1090 1963 aulaeum,
1129 1880 1185 1965 qui
1221 1880 1314 1946 nobis

244 1992 355 2058 futura
377 1998 515 2075 canant,
540 1992 686 2057 iracundi
710 2014 805 2078 saepe
821 2000 854 2058 et
869 2015 971 2079 paene
987 1993 1116 2059 scelesti
1128 1995 1150 2070 ¹;
1167 2000 1200 2058 et
1216 1992 1315 2059 etiam

246 2105 274 2169 si
297 2125 352 2170 eos
375 2126 440 2170 nou
462 2104 629 2188 videmus,
654 2106 775 2171 seimus
799 2112 908 2171 tamen
931 2106 964 2170 in
990 2105 1130 2171 nubibus
1142 2105 1316 2190 velpotius

246 2218 278 2282 in
313 2217 463 2283 machina
494 2218 635 2304 pendere
668 2217 843 2296 sublimes,
877 2219 991 2306 quovis
1016 2219 1171 2304 temporis
1195 2224 1316 2303 puncto

246 2337 375 2415 paratos
398 2331 433 2396 in
457 2337 576 2396 terram
603 2331 751 2399 devolare
774 2339 812 2397 ut
834 2331 1006 2398 hominum
1031 2355 1081 2399 res
1104 2331 1231 2420 quietas
1247 2339 1316 2397 tur-

246 2444 342 2528 bent,
378 2450 437 2510 aut
470 2443 572 2510 nodos
607 2446 794 2511 rescindant
829 2437 1034 2511 terrestribus
1068 2445 1220 2512 manibus
1252 2466 1318 2510 nou

247 2556 427 2622 solvendos.
476 2557 610 2622 Ateuim
637 2579 710 2623 curn
737 2565 865 2623 tantum
891 2558 991 2624 situm
1016 2557 1060 2624 sit
1085 2558 1119 2624 in
1143 2556 1317 2639 coelicolis,

247 2671 303 2735 vix
337 2669 524 2736 hominibus
558 2692 635 2736 suae
667 2678 775 2756 partes
808 2678 950 2750 restant;
987 2693 1052 2736 non
1080 2676 1184 2757 agunt
1207 2669 1242 2735 hi
1262 2671 1318 2735 sed

248 2790 406 2868 aguntum
417 2806 521 2870 pupas
531 2785 624 2851 nobis
634 2785 741 2851 videre
750 2785 896 2852 videmur
905 2786 937 2850 iu
949 2807 1045 2850 scena
1054 2786 1318 2870 νευροσπάστους,

248 2916 386 2981 quorum
419 2896 476 2961 fila
510 2904 681 2963 teneantur
713 2921 732 2964 a
767 2898 976 2990 numinibus,
1009 2907 1047 2962 ut
1069 2917 1236 2982 nunquam
1260 2916 1320 2960 sua

250 3017 367 3093 sponte
391 3032 425 3076 se
449 3033 578 3076 movere
600 3012 731 3096 possint
755 3012 812 3078 sed
839 3011 902 3076 hue
924 3009 1002 3075 illuc
1023 3009 1194 3075 trahantur
1214 3007 1319 3072 alieno

248 3121 391 3188 arbitrio,
440 3125 487 3189 At
519 3124 592 3211 quis
620 3146 763 3212 unquam
786 3125 966 3190 admiratus
994 3123 1044 3188 vel
1075 3121 1247 3186 miseratus
1270 3128 1328 3184 est·

249 3240 393 3322 papam?
439 3238 578 3303 Necesse
599 3246 649 3304 est
675 3245 858 3324 spectemus
882 3236 1030 3303 homines
1053 3235 1156 3301 nostri
1180 3233 1317 3312 similes,

250 3358 288 3417 ut
319 3373 428 3418 eorum
456 3353 524 3418 fata
554 3374 613 3418 nos
638 3361 771 3438 tangere
791 3351 929 3437 possint.
979 3349 1134 3435 Quisquis
1153 3368 1230 3413 vero
1254 3369 1318 3411 uon

251 3485 380 3529 servum
413 3465 464 3530 vel
489 3487 611 3531 merum
637 3465 893 3532 instrumentum
914 3465 970 3530 sed
993 3463 1159 3529 hominem
1182 3461 1320 3526 liberum

250 3701 346 3765 superis
370 3685 444 3750 curae
469 3701 516 3761 sit,
542 3709 570 3749 ut
590 3701 615 3748 in
641 3700 686 3748 hae
703 3700 754 3762 ipss
769 3713 866 3762 quoque
883 3696 972 3746 fabula.
1006 3695 1056 3747 Ubi
1074 3697 1104 3744 de
1123 3709 1167 3743 sna
1183 3692 1280 3755 origine
1296 3707 1322 3739 se

250 3789 364 3841 dubitare
389 3789 495 3847 latetur,
520 3789 581 3838 mihi
605 3789 630 3837 in
656 3796 764 3837 mentem
790 3794 890 3838 revocet
911 3783 996 3848 jocum
1021 3782 1210 3846 Aristophanis,
1234 3781 1275 3844 qui
1293 3781 1322 3828 de

250 3891 321 3944 putre
336 3880 504 3944 interrogatus
520 3880 647 3943 respoudit
664 3879 783 3930 versiculo
800 3876 948 3928 Homerico:

315 3970 398 4036 μήτηρ
414 3968 461 4035 μέν
478 3969 503 4019 τέ
520 3969 548 4033 μέ
567 3980 625 4034 φησι
642 3970 687 4018 τοῦ
704 3970 820 4032 ἔμμεναι,
838 3968 919 4032 αὐτὰρ
936 3965 1012 4031 ἔγωγε

316 4060 362 4108 οὐκ
378 4057 433 4119 οἶδ’,
451 4059 480 4107 οὐ
497 4058 545 4123 γάρ
563 4057 603 4107 no
619 4075 657 4115 τις
674 4056 716 4107 ἰὸν
732 4055 811 4121 γόνον
827 4055 904 4112 αὐτὸς
921 4052 1027 4119 ἀνέγνωΔ
1046 4051 1157 4116 (Proleg.
1176 4051 1257 4100 Arist.
1269 4049 1322 4098 XlI

252 4148 341 4213 Diud)
358 4177 387 4184 -
407 4149 503 4200 Similia
519 4155 619 4212 possent
635 4146 764 4196 observari
780 4146 810 4195 de
827 4145 882 4193 loco
898 4145 922 4193 in
941 4144 1068 4193 Troadum
1079 4140 1161 4190 sabula
1170 4155 1205 4188 vs.
1215 4141 1264 4190 969
1271 4154 1322 4202 sqq.

288 4238 294 4269 ¹
329 4240 410 4289 “Desa
436 4254 467 4288 uu
491 4240 537 4288 deu
560 4236 715 4300 Tragikern,
733 4235 825 4283 welche
842 4232 895 4282 sich
912 4231 981 4282 nieht
997 4231 1117 4280 schemen
1133 4229 1174 4279 die
1191 4228 1280 4288 Giitter
1297 4228 1323 4275 in

251 4328 429 4391 “unwiirdiger
454 4327 538 4378 Weiss
555 4323 675 4376 suitrsten
694 4339 724 4371 zu
740 4323 832 4380 lassen,
849 4320 982 4384 Euripides
999 4320 1104 4383 genere,
1121 4319 1182 4368 wird
1200 4317 1322 4368 Nismsuu

253 4419 295 4466 “iu
321 4417 424 4467 Abrade
446 4415 548 4473 stelles,
564 4429 593 4463 so
610 4413 711 4476 giiustig
729 4425 757 4460 er
772 4409 836 4460 such
852 4418 921 4459 sensi
937 4410 997 4459 iiber
1014 4410 1061 4458 deu
1080 4408 1184 4457 Dichter
1201 4406 1323 4456 urtheilen

254 4512 328 4570 “mag
341 4505 355 4526 ''
389 4505 503 4558 Ssboem.
519 4505 563 4556 Grv
585 4500 706 4554 hlrerth⁸
723 4502 759 4560 11,
776 4516 831 4564 pag,
851 4501 907 4550 589.
