3258 5328
297 1342 420 1406 Morem
444 1340 728 1407 dissertationibus
752 1339 923 1424 praefandi
947 1341 1093 1407 nondum
1116 1342 1196 1408 adeo
1220 1343 1253 1407 in
1271 1344 1327 1409 de·

252 1454 458 1519 suetudinem
483 1455 602 1520 abiisse
624 1475 705 1535 reor,
730 1452 809 1538 quin
833 1452 915 1541 mihi
938 1453 1034 1520 liceat
1065 1454 1205 1540 paucula
1232 1455 1329 1520 verba

251 1565 400 1653 proloqui
432 1573 560 1654 gratam
596 1566 753 1633 testantia
780 1573 925 1632 mentem
957 1589 1111 1652 argaeos
1135 1569 1249 1654 quiin
1277 1591 1328 1634 me

251 1679 453 1746 instituendo
486 1681 715 1771 impenderunt
745 1700 885 1764 operam,
934 1679 1025 1746 Inter
1051 1701 1132 1766 quos
1156 1701 1222 1745 non
1246 1686 1328 1746 tem-

252 1792 339 1876 poris
373 1800 504 1859 tantum
538 1793 650 1859 ordine
684 1793 809 1878 primus
841 1792 931 1858 locus
962 1793 1098 1859 debetur
1127 1793 1213 1879 patri
1236 1814 1327 1876 meo,

254 1927 350 1990 quern
374 1928 476 1992 usquc
500 1906 542 1971 ad
560 1905 669 1971 studia
689 1904 872 1971 academica
886 1905 987 1976 habui
999 1911 1239 1991 praeceptorem
1255 1905 1328 1972 uui·

252 2039 347 2100 cum,
377 2019 539 2102 adderem,
565 2024 598 2084 et
621 2018 795 2103 optimum,
820 2017 884 2083 nisi
908 2017 1024 2084 scirem
1047 2014 1206 2104 quantuin
1226 2019 1331 2085 oderit

254 2131 409 2197 encomia.
445 2130 483 2195 In
508 2131 677 2196 Athenaeo
700 2131 1018 2200 Amstelaedamensi
1040 2133 1223 2219 complures
1249 2135 1329 2200 Pro-

252 2243 389 2310 fessores
406 2242 533 2320 audivi,
559 2241 677 2328 quibus
702 2265 857 2330 magnam
880 2249 1022 2332 gratiam
1046 2246 1148 2312 habeo
1172 2253 1205 2312 et
1227 2269 1330 2335 usque

251 2356 385 2422 habebo.
423 2354 511 2421 Bene
535 2356 623 2421 nosti
646 2377 698 2422 mc
722 2357 805 2423 illud
828 2357 979 2444 inprimis
1003 2360 1108 2426 dicere
1131 2360 1171 2426 de
1191 2361 1245 2445 Te,
1270 2361 1331 2426 Vir

253 2467 338 2535 (llar.
366 2468 468 2551 Boor,
494 2467 586 2552 cujus
609 2467 815 2554 frequentare
838 2472 966 2539 scholas
987 2474 1097 2540 neseio
1120 2473 1204 2537 mihi
1215 2474 1330 2540 utilius
1383 2557 1386 2565 Δ

253 2605 294 2648 an
323 2581 502 2668 jucundius
533 2582 640 2648 fuerit.
693 2582 770 2648 Sine
799 2606 851 2651 me
881 2585 1077 2652 nominatim
1106 2584 1178 2650 Tibi
1205 2585 1330 2671 gratias

253 2717 367 2782 agere,
400 2702 433 2762 et
460 2691 559 2783 pe'rge
582 2695 656 2778 diu,
683 2717 881 2783 quamquam
908 2720 995 2763 nunc
1027 2697 1172 2763 muneris
1195 2720 1330 2784 expers,

254 2814 325 2874 tum
348 2808 441 2874 bonis
462 2809 567 2874 literis
590 2807 698 2874 favere
718 2814 790 2874 turn
807 2809 848 2875 iis
864 2810 983 2895 quibus
995 2809 1136 2896 contigit
1148 2811 1214 2876 tuis
1229 2810 1331 2878 fuisse

254 2921 432 3008 discipulis.
481 2922 618 2988 Memori
645 2923 746 2990 etiam
768 2923 879 2988 animo
903 2944 1030 3008 semper
1054 2921 1243 2988 reminiscar
1258 2923 1332 2989 Viri

179 3115 181 3118 .
255 3035 339 3102 Olar.
365 3036 398 3101 J.
424 3035 600 3118 Trnnunu,
630 3035 705 3121 qui,
726 3040 764 3100 ut
786 3035 952 3121 quondam
981 3040 1108 3121 patrem
1131 3009 1259 3119 meum,
1285 3038 1331 3102 sic

254 3150 364 3216 oblata
386 3150 553 3216 occasione
576 3171 628 3214 me
652 3171 779 3234 quoque
801 3148 947 3215 consiliis
961 3147 1147 3233 auxilioque
1159 3146 1332 3214 efficaciter

255 3262 390 3348 adjuvit.

300 3377 438 3459 Leidae,
475 3398 567 3442 secus
595 3397 632 3442 ac
662 3375 745 3441 mihi
771 3397 1022 3462 proposueram,
1046 3375 1222 3462 paulisper
1235 3374 1332 3439 modo

255 3496 472 3558 commoratus
495 3511 588 3573 sum,
613 3512 672 3556 nec
695 3495 806 3556 tamen
830 3490 900 3556 sine
917 3490 1034 3556 fructu.
1060 3491 1092 3556 A
1107 3489 1229 3555 talibus
1244 3488 1332 3554 eninr

254 3602 514 3692 praeceptoribus
547 3602 659 3689 quales
683 3602 729 3668 ibi
752 3601 864 3669 inveni
887 3604 939 3669 vel
962 3604 1051 3670 brevi
1074 3609 1220 3690 ternpore
1245 3601 1332 3668 mul-

254 3725 327 3784 tum
347 3717 469 3784 discere
491 3717 578 3784 licet·
627 3716 772 3798 Quorum
796 3718 824 3783 si
851 3717 984 3783 nomina
1005 3718 1058 3784 hic
1081 3722 1332 3785 commemorare

256 3831 460 3918 supersedeo,
485 3838 519 3897 at
542 3830 665 3917 pectori
687 3852 760 3897 meo
785 3853 912 3917 semper
934 3831 1035 3896 infixa
1061 3830 1249 3897 manebunt.
1276 3829 1331 3910 Te,

255 3944 427 4012 reverende
450 3945 632 4028 Promotor,
658 3943 719 4009 Vir
742 3943 828 4011 Olar.
855 3944 977 4028 Oosur,
1005 3950 1203 4031 quantopere
1224 3941 1331 4028 suspi-

256 4058 340 4124 ciam
372 4057 541 4143 colamque
572 4055 677 4122 dicere
701 4055 781 4142 quid
804 4057 942 4132 attinet,
969 4077 1071 4143 quum
1095 4055 1176 4123 meis
1199 4078 1331 4142 praeco-

257 4168 322 4236 niis
353 4170 489 4236 minime
521 4169 672 4256 gentium
703 4169 851 4255 indigeas
875 4176 908 4234 et
929 4191 1039 4235 meum
1062 4170 1097 4235 in
1118 4170 1161 4236 Te
1184 4168 1332 4235 animum

256 4305 321 4347 non
345 4283 496 4368 ignores?
529 4283 601 4370 Ego
625 4304 701 4348 vero
725 4281 753 4347 si
777 4282 857 4366 quid
878 4303 1024 4367 unquam
1049 4282 1084 4347 in
1105 4281 1209 4348 literis
1233 4272 1331 4367 profi·

257 4394 358 4477 ciam,
384 4394 418 4459 id
439 4417 560 4483 magna
583 4399 737 4480 exparte
761 4393 832 4458 Tibi
855 4403 1024 4479 acceptum
1044 4395 1105 4460 erit
1115 4395 1330 4494 referendum,

258 4519 295 4575 ut
318 4509 374 4594 qui
397 4509 567 4596 discipulis
591 4530 657 4574 non
676 4507 773 4573 modo
790 4506 997 4594 antiquitatis
1014 4529 1156 4574 amorem
1172 4507 1332 4576 instillare
